[{"a":3384967673,"p":"104960.02000000","q":"0.00047000","f":4426908709,"l":4426908709,"T":1737303818244,"m":false,"M":true},{"a":3384967674,"p":"104960.01000000","q":"0.00008000","f":4426908710,"l":4426908710,"T":1737303818325,"m":true,"M":true},{"a":3384967675,"p":"104960.02000000","q":"0.00010000","f":4426908711,"l":4426908711,"T":1737303818493,"m":false,"M":true},{"a":3384967676,"p":"104960.02000000","q":"0.01019000","f":4426908712,"l":4426908714,"T":1737303818835,"m":false,"M":true},{"a":3384967677,"p":"104960.02000000","q":"0.00510000","f":4426908715,"l":4426908715,"T":1737303818835,"m":false,"M":true},{"a":3384967678,"p":"104960.02000000","q":"0.00050000","f":4426908716,"l":4426908716,"T":1737303819210,"m":false,"M":true},{"a":3384967679,"p":"104960.01000000","q":"0.00041000","f":4426908717,"l":4426908717,"T":1737303819231,"m":true,"M":true},{"a":3384967680,"p":"104960.01000000","q":"0.00011000","f":4426908718,"l":4426908718,"T":1737303819438,"m":true,"M":true},{"a":3384967681,"p":"104960.02000000","q":"0.00126000","f":4426908719,"l":4426908719,"T":1737303819640,"m":false,"M":true},{"a":3384967682,"p":"104960.01000000","q":"0.00022000","f":4426908720,"l":4426908720,"T":1737303819653,"m":true,"M":true},{"a":3384967683,"p":"104960.01000000","q":"0.00010000","f":4426908721,"l":4426908721,"T":1737303819735,"m":true,"M":true},{"a":3384967684,"p":"104960.02000000","q":"0.00510000","f":4426908722,"l":4426908722,"T":1737303819882,"m":false,"M":true},{"a":3384967685,"p":"104960.02000000","q":"0.00050000","f":4426908723,"l":4426908723,"T":1737303820016,"m":false,"M":true},{"a":3384967686,"p":"104960.02000000","q":"0.00050000","f":4426908724,"l":4426908724,"T":1737303820042,"m":false,"M":true},{"a":3384967687,"p":"104960.01000000","q":"0.00021000","f":4426908725,"l":4426908725,"T":1737303820072,"m":true,"M":true},{"a":3384967688,"p":"104960.01000000","q":"0.00195000","f":4426908726,"l":4426908726,"T":1737303820238,"m":true,"M":true},{"a":3384967689,"p":"104960.02000000","q":"0.00018000","f":4426908727,"l":4426908727,"T":1737303820315,"m":false,"M":true},{"a":3384967690,"p":"104960.01000000","q":"0.00891000","f":4426908728,"l":4426908728,"T":1737303820413,"m":true,"M":true},{"a":3384967691,"p":"104960.02000000","q":"0.00004000","f":4426908729,"l":4426908729,"T":1737303820502,"m":false,"M":true},{"a":3384967692,"p":"104960.01000000","q":"0.00050000","f":4426908730,"l":4426908730,"T":1737303820602,"m":true,"M":true},{"a":3384967693,"p":"104960.02000000","q":"0.00009000","f":4426908731,"l":4426908731,"T":1737303820678,"m":false,"M":true},{"a":3384967694,"p":"104960.01000000","q":"0.30000000","f":4426908732,"l":4426908741,"T":1737303821082,"m":true,"M":true},{"a":3384967695,"p":"104960.02000000","q":"0.00510000","f":4426908742,"l":4426908742,"T":1737303822041,"m":false,"M":true},{"a":3384967696,"p":"104960.02000000","q":"0.00049000","f":4426908743,"l":4426908743,"T":1737303822133,"m":false,"M":true},{"a":3384967697,"p":"104960.01000000","q":"0.00261000","f":4426908744,"l":4426908744,"T":1737303822141,"m":true,"M":true},{"a":3384967698,"p":"104960.01000000","q":"0.00150000","f":4426908745,"l":4426908745,"T":1737303822326,"m":true,"M":true},{"a":3384967699,"p":"104960.02000000","q":"0.00008000","f":4426908746,"l":4426908746,"T":1737303822338,"m":false,"M":true},{"a":3384967700,"p":"104960.01000000","q":"0.00010000","f":4426908747,"l":4426908747,"T":1737303822825,"m":true,"M":true},{"a":3384967701,"p":"104960.02000000","q":"0.50000000","f":4426908748,"l":4426908748,"T":1737303822885,"m":false,"M":true},{"a":3384967702,"p":"104960.01000000","q":"0.00190000","f":4426908749,"l":4426908751,"T":1737303822959,"m":true,"M":true},{"a":3384967703,"p":"104960.01000000","q":"0.00049000","f":4426908752,"l":4426908752,"T":1737303823042,"m":true,"M":true},{"a":3384967704,"p":"104960.02000000","q":"0.06102000","f":4426908753,"l":4426908779,"T":1737303823095,"m":false,"M":true},{"a":3384967705,"p":"104960.05000000","q":"0.00034000","f":4426908780,"l":4426908784,"T":1737303823095,"m":false,"M":true},{"a":3384967706,"p":"104960.06000000","q":"0.04016000","f":4426908785,"l":4426908785,"T":1737303823095,"m":false,"M":true},{"a":3384967707,"p":"104960.91000000","q":"0.00005000","f":4426908786,"l":4426908786,"T":1737303823095,"m":false,"M":true},{"a":3384967708,"p":"104961.87000000","q":"0.00034000","f":4426908787,"l":4426908791,"T":1737303823095,"m":false,"M":true},{"a":3384967709,"p":"104961.88000000","q":"0.00005000","f":4426908792,"l":4426908792,"T":1737303823845,"m":false,"M":true},{"a":3384967710,"p":"104961.88000000","q":"0.00046000","f":4426908793,"l":4426908793,"T":1737303824094,"m":false,"M":true},{"a":3384967711,"p":"104961.87000000","q":"0.00952000","f":4426908794,"l":4426908794,"T":1737303824108,"m":true,"M":true},{"a":3384967712,"p":"104961.87000000","q":"0.00285000","f":4426908795,"l":4426908795,"T":1737303824154,"m":true,"M":true},{"a":3384967713,"p":"104961.87000000","q":"0.00701000","f":4426908796,"l":4426908796,"T":1737303824222,"m":true,"M":true},{"a":3384967714,"p":"104961.87000000","q":"0.00052000","f":4426908797,"l":4426908797,"T":1737303824335,"m":true,"M":true},{"a":3384967715,"p":"104961.88000000","q":"0.02339000","f":4426908798,"l":4426908816,"T":1737303824994,"m":false,"M":true},{"a":3384967716,"p":"104961.88000000","q":"0.00667000","f":4426908817,"l":4426908817,"T":1737303825036,"m":true,"M":true},{"a":3384967717,"p":"104961.88000000","q":"0.00025000","f":4426908818,"l":4426908818,"T":1737303825238,"m":true,"M":true},{"a":3384967718,"p":"104961.89000000","q":"0.01070000","f":4426908819,"l":4426908819,"T":1737303825283,"m":false,"M":true},{"a":3384967719,"p":"104961.89000000","q":"0.00043000","f":4426908820,"l":4426908820,"T":1737303825716,"m":false,"M":true},{"a":3384967720,"p":"104961.89000000","q":"0.00028000","f":4426908821,"l":4426908821,"T":1737303825722,"m":false,"M":true},{"a":3384967721,"p":"104961.88000000","q":"0.00017000","f":4426908822,"l":4426908822,"T":1737303825730,"m":true,"M":true},{"a":3384967722,"p":"104961.88000000","q":"0.00145000","f":4426908823,"l":4426908823,"T":1737303826147,"m":true,"M":true},{"a":3384967723,"p":"104961.88000000","q":"0.00900000","f":4426908824,"l":4426908824,"T":1737303826371,"m":true,"M":true},{"a":3384967724,"p":"104961.88000000","q":"0.00240000","f":4426908825,"l":4426908825,"T":1737303826664,"m":true,"M":true},{"a":3384967725,"p":"104961.89000000","q":"0.00185000","f":4426908826,"l":4426908826,"T":1737303826966,"m":false,"M":true},{"a":3384967726,"p":"104961.89000000","q":"0.01020000","f":4426908827,"l":4426908827,"T":1737303826972,"m":false,"M":true},{"a":3384967727,"p":"104961.89000000","q":"0.00510000","f":4426908828,"l":4426908828,"T":1737303826972,"m":false,"M":true},{"a":3384967728,"p":"104961.89000000","q":"0.00267000","f":4426908829,"l":4426908829,"T":1737303827033,"m":false,"M":true},{"a":3384967729,"p":"104961.89000000","q":"0.00077000","f":4426908830,"l":4426908830,"T":1737303827138,"m":false,"M":true},{"a":3384967730,"p":"104961.88000000","q":"0.00030000","f":4426908831,"l":4426908831,"T":1737303827525,"m":true,"M":true},{"a":3384967731,"p":"104961.89000000","q":"0.00099000","f":4426908832,"l":4426908832,"T":1737303827553,"m":false,"M":true},{"a":3384967732,"p":"104961.89000000","q":"0.00099000","f":4426908833,"l":4426908833,"T":1737303827567,"m":false,"M":true},{"a":3384967733,"p":"104961.89000000","q":"0.00010000","f":4426908834,"l":4426908834,"T":1737303827807,"m":false,"M":true},{"a":3384967734,"p":"104961.88000000","q":"0.00009000","f":4426908835,"l":4426908835,"T":1737303827894,"m":true,"M":true},{"a":3384967735,"p":"104961.88000000","q":"0.00197000","f":4426908836,"l":4426908836,"T":1737303827952,"m":true,"M":true},{"a":3384967736,"p":"104961.88000000","q":"0.00475000","f":4426908837,"l":4426908837,"T":1737303827961,"m":true,"M":true},{"a":3384967737,"p":"104961.88000000","q":"0.00600000","f":4426908838,"l":4426908838,"T":1737303828020,"m":true,"M":true},{"a":3384967738,"p":"104961.88000000","q":"0.00111000","f":4426908839,"l":4426908839,"T":1737303828091,"m":true,"M":true},{"a":3384967739,"p":"104961.88000000","q":"0.00402000","f":4426908840,"l":4426908840,"T":1737303828213,"m":true,"M":true},{"a":3384967740,"p":"104961.88000000","q":"0.00047000","f":4426908841,"l":4426908841,"T":1737303828312,"m":true,"M":true},{"a":3384967741,"p":"104961.88000000","q":"0.00029000","f":4426908842,"l":4426908842,"T":1737303828319,"m":true,"M":true},{"a":3384967742,"p":"104961.89000000","q":"0.00046000","f":4426908843,"l":4426908843,"T":1737303828542,"m":false,"M":true},{"a":3384967743,"p":"104961.89000000","q":"0.00109000","f":4426908844,"l":4426908844,"T":1737303828673,"m":false,"M":true},{"a":3384967744,"p":"104961.88000000","q":"0.03000000","f":4426908845,"l":4426908845,"T":1737303828981,"m":true,"M":true},{"a":3384967745,"p":"104961.89000000","q":"0.00059000","f":4426908846,"l":4426908846,"T":1737303829022,"m":false,"M":true},{"a":3384967746,"p":"104961.89000000","q":"0.00008000","f":4426908847,"l":4426908847,"T":1737303829293,"m":false,"M":true},{"a":3384967747,"p":"104961.89000000","q":"0.50000000","f":4426908848,"l":4426908848,"T":1737303829646,"m":false,"M":true},{"a":3384967748,"p":"104961.88000000","q":"0.95000000","f":4426908849,"l":4426908854,"T":1737303829654,"m":true,"M":true},{"a":3384967749,"p":"104961.89000000","q":"0.00044000","f":4426908855,"l":4426908857,"T":1737303829828,"m":false,"M":true},{"a":3384967750,"p":"104961.88000000","q":"0.00019000","f":4426908858,"l":4426908858,"T":1737303830337,"m":true,"M":true},{"a":3384967751,"p":"104961.89000000","q":"0.00023000","f":4426908859,"l":4426908859,"T":1737303831034,"m":false,"M":true},{"a":3384967752,"p":"104961.89000000","q":"0.00034000","f":4426908860,"l":4426908860,"T":1737303831140,"m":false,"M":true},{"a":3384967753,"p":"104961.89000000","q":"0.00038000","f":4426908861,"l":4426908863,"T":1737303831148,"m":false,"M":true},{"a":3384967754,"p":"104961.88000000","q":"0.00017000","f":4426908864,"l":4426908864,"T":1737303831292,"m":true,"M":true},{"a":3384967755,"p":"104961.89000000","q":"0.00016000","f":4426908865,"l":4426908865,"T":1737303831388,"m":false,"M":true},{"a":3384967756,"p":"104961.89000000","q":"0.01395000","f":4426908866,"l":4426908870,"T":1737303831536,"m":false,"M":true},{"a":3384967757,"p":"104961.88000000","q":"0.00323000","f":4426908871,"l":4426908871,"T":1737303831954,"m":true,"M":true},{"a":3384967758,"p":"104961.88000000","q":"0.00048000","f":4426908872,"l":4426908872,"T":1737303832236,"m":true,"M":true},{"a":3384967759,"p":"104961.89000000","q":"0.00378000","f":4426908873,"l":4426908873,"T":1737303832350,"m":false,"M":true},{"a":3384967760,"p":"104961.89000000","q":"0.00021000","f":4426908874,"l":4426908874,"T":1737303832369,"m":false,"M":true},{"a":3384967761,"p":"104961.89000000","q":"0.00875000","f":4426908875,"l":4426908875,"T":1737303832592,"m":false,"M":true},{"a":3384967762,"p":"104961.89000000","q":"0.00075000","f":4426908876,"l":4426908876,"T":1737303832682,"m":false,"M":true},{"a":3384967763,"p":"104961.89000000","q":"0.00006000","f":4426908877,"l":4426908877,"T":1737303832765,"m":false,"M":true},{"a":3384967764,"p":"104961.88000000","q":"0.00015000","f":4426908878,"l":4426908878,"T":1737303832808,"m":true,"M":true},{"a":3384967765,"p":"104961.88000000","q":"0.00011000","f":4426908879,"l":4426908879,"T":1737303832985,"m":true,"M":true},{"a":3384967766,"p":"104961.88000000","q":"0.00439000","f":4426908880,"l":4426908880,"T":1737303833206,"m":true,"M":true},{"a":3384967767,"p":"104961.89000000","q":"0.00151000","f":4426908881,"l":4426908882,"T":1737303833225,"m":false,"M":true},{"a":3384967768,"p":"104961.88000000","q":"0.00120000","f":4426908883,"l":4426908883,"T":1737303833340,"m":true,"M":true},{"a":3384967769,"p":"104961.89000000","q":"0.00095000","f":4426908884,"l":4426908884,"T":1737303833415,"m":false,"M":true},{"a":3384967770,"p":"104961.89000000","q":"0.00121000","f":4426908885,"l":4426908886,"T":1737303833612,"m":false,"M":true},{"a":3384967771,"p":"104961.89000000","q":"0.00178000","f":4426908887,"l":4426908887,"T":1737303833817,"m":false,"M":true},{"a":3384967772,"p":"104961.89000000","q":"0.00178000","f":4426908888,"l":4426908892,"T":1737303833817,"m":false,"M":true},{"a":3384967773,"p":"104961.89000000","q":"0.00024000","f":4426908893,"l":4426908893,"T":1737303833818,"m":false,"M":true},{"a":3384967774,"p":"104961.89000000","q":"0.00035000","f":4426908894,"l":4426908894,"T":1737303833918,"m":false,"M":true},{"a":3384967775,"p":"104961.89000000","q":"0.02034000","f":4426908895,"l":4426908910,"T":1737303834080,"m":false,"M":true},{"a":3384967776,"p":"104961.90000000","q":"0.00027000","f":4426908911,"l":4426908912,"T":1737303834080,"m":false,"M":true},{"a":3384967777,"p":"104961.91000000","q":"0.00006000","f":4426908913,"l":4426908913,"T":1737303834080,"m":false,"M":true},{"a":3384967778,"p":"104962.01000000","q":"0.01108000","f":4426908914,"l":4426908914,"T":1737303834080,"m":false,"M":true},{"a":3384967779,"p":"104962.70000000","q":"0.00005000","f":4426908915,"l":4426908915,"T":1737303834080,"m":false,"M":true},{"a":3384967780,"p":"104963.67000000","q":"0.00028000","f":4426908916,"l":4426908919,"T":1737303834080,"m":false,"M":true},{"a":3384967781,"p":"104963.75000000","q":"0.00005000","f":4426908920,"l":4426908920,"T":1737303834083,"m":false,"M":true},{"a":3384967782,"p":"104965.79000000","q":"0.00617000","f":4426908921,"l":4426908921,"T":1737303834106,"m":false,"M":true},{"a":3384967783,"p":"104965.86000000","q":"0.00005000","f":4426908922,"l":4426908922,"T":1737303834106,"m":false,"M":true},{"a":3384967784,"p":"104965.92000000","q":"0.01000000","f":4426908923,"l":4426908923,"T":1737303834116,"m":false,"M":true},{"a":3384967785,"p":"104966.19000000","q":"0.01056000","f":4426908924,"l":4426908936,"T":1737303834285,"m":false,"M":true},{"a":3384967786,"p":"104966.92000000","q":"0.00005000","f":4426908937,"l":4426908937,"T":1737303834287,"m":false,"M":true},{"a":3384967787,"p":"104967.29000000","q":"0.00005000","f":4426908938,"l":4426908938,"T":1737303834288,"m":false,"M":true},{"a":3384967788,"p":"104967.74000000","q":"0.00160000","f":4426908939,"l":4426908939,"T":1737303834288,"m":false,"M":true},{"a":3384967789,"p":"104969.07000000","q":"0.00005000","f":4426908940,"l":4426908940,"T":1737303834290,"m":false,"M":true},{"a":3384967790,"p":"104969.10000000","q":"0.00346000","f":4426908941,"l":4426908949,"T":1737303834616,"m":false,"M":true},{"a":3384967791,"p":"104969.11000000","q":"0.14209000","f":4426908950,"l":4426908970,"T":1737303834616,"m":false,"M":true},{"a":3384967792,"p":"104969.31000000","q":"0.00005000","f":4426908971,"l":4426908971,"T":1737303834616,"m":false,"M":true},{"a":3384967793,"p":"104970.08000000","q":"0.00005000","f":4426908972,"l":4426908972,"T":1737303834616,"m":false,"M":true},{"a":3384967794,"p":"104971.26000000","q":"0.00005000","f":4426908973,"l":4426908973,"T":1737303834616,"m":false,"M":true},{"a":3384967795,"p":"104971.81000000","q":"0.00021000","f":4426908974,"l":4426908974,"T":1737303835202,"m":true,"M":true},{"a":3384967796,"p":"104971.82000000","q":"0.00095000","f":4426908975,"l":4426908975,"T":1737303835438,"m":false,"M":true},{"a":3384967797,"p":"104971.82000000","q":"0.00023000","f":4426908976,"l":4426908976,"T":1737303835486,"m":false,"M":true},{"a":3384967798,"p":"104971.82000000","q":"0.00019000","f":4426908977,"l":4426908977,"T":1737303835948,"m":false,"M":true},{"a":3384967799,"p":"104971.81000000","q":"0.00063000","f":4426908978,"l":4426908978,"T":1737303836016,"m":true,"M":true},{"a":3384967800,"p":"104971.81000000","q":"0.00048000","f":4426908979,"l":4426908979,"T":1737303836210,"m":true,"M":true},{"a":3384967801,"p":"104971.81000000","q":"0.00006000","f":4426908980,"l":4426908980,"T":1737303836627,"m":true,"M":true},{"a":3384967802,"p":"104971.82000000","q":"0.00014000","f":4426908981,"l":4426908981,"T":1737303836670,"m":false,"M":true},{"a":3384967803,"p":"104971.82000000","q":"0.50000000","f":4426908982,"l":4426908982,"T":1737303836833,"m":false,"M":true},{"a":3384967804,"p":"104971.81000000","q":"0.00434000","f":4426908983,"l":4426908983,"T":1737303837021,"m":true,"M":true},{"a":3384967805,"p":"104971.81000000","q":"0.00010000","f":4426908984,"l":4426908984,"T":1737303837101,"m":true,"M":true},{"a":3384967806,"p":"104971.82000000","q":"0.00153000","f":4426908985,"l":4426908985,"T":1737303837338,"m":false,"M":true},{"a":3384967807,"p":"104971.81000000","q":"0.00019000","f":4426908986,"l":4426908986,"T":1737303837348,"m":true,"M":true},{"a":3384967808,"p":"104971.81000000","q":"0.00200000","f":4426908987,"l":4426908987,"T":1737303837586,"m":true,"M":true},{"a":3384967809,"p":"104971.82000000","q":"0.10816000","f":4426908988,"l":4426908995,"T":1737303837617,"m":false,"M":true},{"a":3384967810,"p":"104971.82000000","q":"0.08042000","f":4426908996,"l":4426909010,"T":1737303837915,"m":false,"M":true},{"a":3384967811,"p":"104971.93000000","q":"0.00024000","f":4426909011,"l":4426909011,"T":1737303837921,"m":false,"M":true},{"a":3384967812,"p":"104971.92000000","q":"0.00009000","f":4426909012,"l":4426909012,"T":1737303838170,"m":true,"M":true},{"a":3384967813,"p":"104971.92000000","q":"0.00031000","f":4426909013,"l":4426909013,"T":1737303838334,"m":true,"M":true},{"a":3384967814,"p":"104971.92000000","q":"0.00008000","f":4426909014,"l":4426909014,"T":1737303838416,"m":true,"M":true},{"a":3384967815,"p":"104971.92000000","q":"0.00311000","f":4426909015,"l":4426909015,"T":1737303838488,"m":true,"M":true},{"a":3384967816,"p":"104971.93000000","q":"0.00086000","f":4426909016,"l":4426909016,"T":1737303838800,"m":false,"M":true},{"a":3384967817,"p":"104971.92000000","q":"0.00039000","f":4426909017,"l":4426909017,"T":1737303839735,"m":true,"M":true},{"a":3384967818,"p":"104971.93000000","q":"0.00007000","f":4426909018,"l":4426909018,"T":1737303839912,"m":false,"M":true},{"a":3384967819,"p":"104971.93000000","q":"0.01140000","f":4426909019,"l":4426909033,"T":1737303840146,"m":false,"M":true},{"a":3384967820,"p":"104972.18000000","q":"0.00005000","f":4426909034,"l":4426909034,"T":1737303840146,"m":false,"M":true},{"a":3384967821,"p":"104972.81000000","q":"0.00032000","f":4426909035,"l":4426909038,"T":1737303840146,"m":false,"M":true},{"a":3384967822,"p":"104972.82000000","q":"0.00100000","f":4426909039,"l":4426909058,"T":1737303840207,"m":false,"M":true},{"a":3384967823,"p":"104973.01000000","q":"0.01331000","f":4426909059,"l":4426909059,"T":1737303840207,"m":false,"M":true},{"a":3384967824,"p":"104973.02000000","q":"0.00200000","f":4426909060,"l":4426909061,"T":1737303840207,"m":false,"M":true},{"a":3384967825,"p":"104973.13000000","q":"0.00010000","f":4426909062,"l":4426909062,"T":1737303840207,"m":false,"M":true},{"a":3384967826,"p":"104973.24000000","q":"0.00005000","f":4426909063,"l":4426909063,"T":1737303840207,"m":false,"M":true},{"a":3384967827,"p":"104973.42000000","q":"0.00005000","f":4426909064,"l":4426909064,"T":1737303840207,"m":false,"M":true},{"a":3384967828,"p":"104973.59000000","q":"0.00050000","f":4426909065,"l":4426909074,"T":1737303840207,"m":false,"M":true},{"a":3384967829,"p":"104973.60000000","q":"0.53244000","f":4426909075,"l":4426909075,"T":1737303840207,"m":false,"M":true},{"a":3384967830,"p":"104973.75000000","q":"0.00212000","f":4426909076,"l":4426909077,"T":1737303840221,"m":false,"M":true},{"a":3384967831,"p":"104974.00000000","q":"0.04800000","f":4426909078,"l":4426909078,"T":1737303840221,"m":false,"M":true},{"a":3384967832,"p":"104974.14000000","q":"0.00005000","f":4426909079,"l":4426909079,"T":1737303840221,"m":false,"M":true},{"a":3384967833,"p":"104975.11000000","q":"0.00005000","f":4426909080,"l":4426909080,"T":1737303840221,"m":false,"M":true},{"a":3384967834,"p":"104976.00000000","q":"0.04823000","f":4426909081,"l":4426909082,"T":1737303840221,"m":false,"M":true},{"a":3384967835,"p":"104976.18000000","q":"0.00049000","f":4426909083,"l":4426909083,"T":1737303840221,"m":false,"M":true},{"a":3384967836,"p":"104976.29000000","q":"0.00005000","f":4426909084,"l":4426909084,"T":1737303840221,"m":false,"M":true},{"a":3384967837,"p":"104976.35000000","q":"0.00200000","f":4426909085,"l":4426909085,"T":1737303840422,"m":true,"M":true},{"a":3384967838,"p":"104976.35000000","q":"0.00047000","f":4426909086,"l":4426909086,"T":1737303840827,"m":true,"M":true},{"a":3384967839,"p":"104976.35000000","q":"0.00345000","f":4426909087,"l":4426909087,"T":1737303840912,"m":true,"M":true},{"a":3384967840,"p":"104976.36000000","q":"0.01157000","f":4426909088,"l":4426909111,"T":1737303841408,"m":false,"M":true},{"a":3384967841,"p":"104976.40000000","q":"0.00005000","f":4426909112,"l":4426909112,"T":1737303841408,"m":false,"M":true},{"a":3384967842,"p":"104976.90000000","q":"0.01000000","f":4426909113,"l":4426909113,"T":1737303841408,"m":false,"M":true},{"a":3384967843,"p":"104977.12000000","q":"0.00010000","f":4426909114,"l":4426909114,"T":1737303841408,"m":false,"M":true},{"a":3384967844,"p":"104977.17000000","q":"0.00005000","f":4426909115,"l":4426909115,"T":1737303841408,"m":false,"M":true},{"a":3384967845,"p":"104977.28000000","q":"0.04115000","f":4426909116,"l":4426909116,"T":1737303841408,"m":false,"M":true},{"a":3384967846,"p":"104977.37000000","q":"0.01000000","f":4426909117,"l":4426909117,"T":1737303841408,"m":false,"M":true},{"a":3384967847,"p":"104977.45000000","q":"0.00005000","f":4426909118,"l":4426909118,"T":1737303841408,"m":false,"M":true},{"a":3384967848,"p":"104977.50000000","q":"0.41433000","f":4426909119,"l":4426909119,"T":1737303841408,"m":false,"M":true},{"a":3384967849,"p":"104977.50000000","q":"0.15804000","f":4426909120,"l":4426909121,"T":1737303841416,"m":false,"M":true},{"a":3384967850,"p":"104978.51000000","q":"0.00005000","f":4426909122,"l":4426909122,"T":1737303841419,"m":false,"M":true},{"a":3384967851,"p":"104979.32000000","q":"0.00005000","f":4426909123,"l":4426909123,"T":1737303841424,"m":false,"M":true},{"a":3384967852,"p":"104979.56000000","q":"0.00005000","f":4426909124,"l":4426909124,"T":1737303841424,"m":false,"M":true},{"a":3384967853,"p":"104979.99000000","q":"0.00179000","f":4426909125,"l":4426909125,"T":1737303841525,"m":true,"M":true},{"a":3384967854,"p":"104980.00000000","q":"0.02501000","f":4426909126,"l":4426909140,"T":1737303841916,"m":false,"M":true},{"a":3384967855,"p":"104980.68000000","q":"0.00028000","f":4426909141,"l":4426909144,"T":1737303841916,"m":false,"M":true},{"a":3384967856,"p":"104980.69000000","q":"0.00666000","f":4426909145,"l":4426909145,"T":1737303841916,"m":false,"M":true},{"a":3384967857,"p":"104981.67000000","q":"0.00005000","f":4426909146,"l":4426909146,"T":1737303841916,"m":false,"M":true},{"a":3384967858,"p":"104982.18000000","q":"0.00010000","f":4426909147,"l":4426909147,"T":1737303841916,"m":false,"M":true},{"a":3384967859,"p":"104982.51000000","q":"0.00028000","f":4426909148,"l":4426909151,"T":1737303841916,"m":false,"M":true},{"a":3384967860,"p":"104982.52000000","q":"0.00028000","f":4426909152,"l":4426909155,"T":1737303841916,"m":false,"M":true},{"a":3384967861,"p":"104982.72000000","q":"0.00005000","f":4426909156,"l":4426909156,"T":1737303841916,"m":false,"M":true},{"a":3384967862,"p":"104983.52000000","q":"0.00300000","f":4426909157,"l":4426909157,"T":1737303841916,"m":false,"M":true},{"a":3384967863,"p":"104984.00000000","q":"0.00400000","f":4426909158,"l":4426909158,"T":1737303841916,"m":false,"M":true},{"a":3384967864,"p":"104985.04000000","q":"0.00250000","f":4426909159,"l":4426909160,"T":1737303841916,"m":false,"M":true},{"a":3384967865,"p":"104985.46000000","q":"0.00005000","f":4426909161,"l":4426909161,"T":1737303841916,"m":false,"M":true},{"a":3384967866,"p":"104986.06000000","q":"0.00081000","f":4426909162,"l":4426909162,"T":1737303841916,"m":false,"M":true},{"a":3384967867,"p":"104986.13000000","q":"0.00010000","f":4426909163,"l":4426909163,"T":1737303841916,"m":false,"M":true},{"a":3384967868,"p":"104986.76000000","q":"0.00963000","f":4426909164,"l":4426909164,"T":1737303841916,"m":false,"M":true},{"a":3384967869,"p":"104986.77000000","q":"0.00043000","f":4426909165,"l":4426909166,"T":1737303841916,"m":false,"M":true},{"a":3384967870,"p":"104987.01000000","q":"0.00077000","f":4426909167,"l":4426909167,"T":1737303841916,"m":false,"M":true},{"a":3384967871,"p":"104987.83000000","q":"0.03027000","f":4426909168,"l":4426909169,"T":1737303841916,"m":false,"M":true},{"a":3384967872,"p":"104988.00000000","q":"0.00400000","f":4426909170,"l":4426909170,"T":1737303841916,"m":false,"M":true},{"a":3384967873,"p":"104988.70000000","q":"0.01525000","f":4426909171,"l":4426909171,"T":1737303841919,"m":true,"M":true},{"a":3384967874,"p":"104988.70000000","q":"0.00100000","f":4426909172,"l":4426909172,"T":1737303842047,"m":true,"M":true},{"a":3384967875,"p":"104988.70000000","q":"0.00078000","f":4426909173,"l":4426909173,"T":1737303842271,"m":true,"M":true},{"a":3384967876,"p":"104988.70000000","q":"0.00054000","f":4426909174,"l":4426909174,"T":1737303842435,"m":true,"M":true},{"a":3384967877,"p":"104988.70000000","q":"0.02519000","f":4426909175,"l":4426909175,"T":1737303842558,"m":true,"M":true},{"a":3384967878,"p":"104988.70000000","q":"0.00185000","f":4426909176,"l":4426909176,"T":1737303842902,"m":true,"M":true},{"a":3384967879,"p":"104988.71000000","q":"0.00026000","f":4426909177,"l":4426909177,"T":1737303842955,"m":false,"M":true},{"a":3384967880,"p":"104988.71000000","q":"0.01056000","f":4426909178,"l":4426909181,"T":1737303843112,"m":false,"M":true},{"a":3384967881,"p":"104988.84000000","q":"0.00050000","f":4426909182,"l":4426909191,"T":1737303843116,"m":false,"M":true},{"a":3384967882,"p":"104988.85000000","q":"0.00010000","f":4426909192,"l":4426909192,"T":1737303843116,"m":false,"M":true},{"a":3384967883,"p":"104989.50000000","q":"0.00010000","f":4426909193,"l":4426909193,"T":1737303843116,"m":false,"M":true},{"a":3384967884,"p":"104989.56000000","q":"0.00005000","f":4426909194,"l":4426909194,"T":1737303843116,"m":false,"M":true},{"a":3384967885,"p":"104991.05000000","q":"0.00005000","f":4426909195,"l":4426909195,"T":1737303843116,"m":false,"M":true},{"a":3384967886,"p":"104991.23000000","q":"0.00005000","f":4426909196,"l":4426909196,"T":1737303843116,"m":false,"M":true},{"a":3384967887,"p":"104991.65000000","q":"0.00010000","f":4426909197,"l":4426909197,"T":1737303843116,"m":false,"M":true},{"a":3384967888,"p":"104992.00000000","q":"0.00700000","f":4426909198,"l":4426909199,"T":1737303843116,"m":false,"M":true},{"a":3384967889,"p":"104993.02000000","q":"0.00050000","f":4426909200,"l":4426909200,"T":1737303843116,"m":false,"M":true},{"a":3384967890,"p":"104993.26000000","q":"0.00005000","f":4426909201,"l":4426909201,"T":1737303843116,"m":false,"M":true},{"a":3384967891,"p":"104993.32000000","q":"0.02068000","f":4426909202,"l":4426909202,"T":1737303843116,"m":false,"M":true},{"a":3384967892,"p":"104993.49000000","q":"0.00005000","f":4426909203,"l":4426909203,"T":1737303843116,"m":false,"M":true},{"a":3384967893,"p":"104993.72000000","q":"0.00023000","f":4426909204,"l":4426909204,"T":1737303843116,"m":false,"M":true},{"a":3384967894,"p":"104994.10000000","q":"0.00356000","f":4426909205,"l":4426909218,"T":1737303843270,"m":false,"M":true},{"a":3384967895,"p":"104994.85000000","q":"0.01079000","f":4426909219,"l":4426909220,"T":1737303843301,"m":false,"M":true},{"a":3384967896,"p":"104994.97000000","q":"0.00005000","f":4426909221,"l":4426909221,"T":1737303843301,"m":false,"M":true},{"a":3384967897,"p":"104995.05000000","q":"0.01000000","f":4426909222,"l":4426909222,"T":1737303843301,"m":false,"M":true},{"a":3384967898,"p":"104995.12000000","q":"0.00010000","f":4426909223,"l":4426909223,"T":1737303843301,"m":false,"M":true},{"a":3384967899,"p":"104996.00000000","q":"0.00700000","f":4426909224,"l":4426909225,"T":1737303843301,"m":false,"M":true},{"a":3384967900,"p":"104996.49000000","q":"0.00005000","f":4426909226,"l":4426909226,"T":1737303843307,"m":false,"M":true},{"a":3384967901,"p":"104996.97000000","q":"0.11849000","f":4426909227,"l":4426909250,"T":1737303843348,"m":false,"M":true},{"a":3384967902,"p":"104997.77000000","q":"0.00049000","f":4426909251,"l":4426909251,"T":1737303843348,"m":false,"M":true},{"a":3384967903,"p":"104997.85000000","q":"0.00005000","f":4426909252,"l":4426909252,"T":1737303843348,"m":false,"M":true},{"a":3384967904,"p":"104998.20000000","q":"0.07243000","f":4426909253,"l":4426909253,"T":1737303843348,"m":false,"M":true},{"a":3384967905,"p":"104998.62000000","q":"0.29243000","f":4426909254,"l":4426909255,"T":1737303843348,"m":false,"M":true},{"a":3384967906,"p":"104998.63000000","q":"0.00050000","f":4426909256,"l":4426909265,"T":1737303843348,"m":false,"M":true},{"a":3384967907,"p":"104999.21000000","q":"0.00300000","f":4426909266,"l":4426909266,"T":1737303843348,"m":false,"M":true},{"a":3384967908,"p":"104999.48000000","q":"0.01261000","f":4426909267,"l":4426909267,"T":1737303843348,"m":false,"M":true},{"a":3384967909,"p":"104999.48000000","q":"0.00007000","f":4426909268,"l":4426909268,"T":1737303843391,"m":false,"M":true},{"a":3384967910,"p":"104999.48000000","q":"0.00010000","f":4426909269,"l":4426909270,"T":1737303843515,"m":false,"M":true},{"a":3384967911,"p":"104999.48000000","q":"0.05348000","f":4426909271,"l":4426909284,"T":1737303843615,"m":false,"M":true},{"a":3384967912,"p":"104999.58000000","q":"0.00023000","f":4426909285,"l":4426909285,"T":1737303843618,"m":true,"M":true},{"a":3384967913,"p":"104999.58000000","q":"0.00100000","f":4426909286,"l":4426909286,"T":1737303844216,"m":true,"M":true},{"a":3384967914,"p":"104999.58000000","q":"0.00418000","f":4426909287,"l":4426909287,"T":1737303844312,"m":true,"M":true},{"a":3384967915,"p":"104999.59000000","q":"0.00255000","f":4426909288,"l":4426909290,"T":1737303844368,"m":false,"M":true},{"a":3384967916,"p":"104999.59000000","q":"0.00255000","f":4426909291,"l":4426909291,"T":1737303844369,"m":false,"M":true},{"a":3384967917,"p":"104999.59000000","q":"0.00661000","f":4426909292,"l":4426909303,"T":1737303844416,"m":false,"M":true},{"a":3384967918,"p":"104999.66000000","q":"0.00005000","f":4426909304,"l":4426909304,"T":1737303844416,"m":false,"M":true},{"a":3384967919,"p":"104999.71000000","q":"0.00035000","f":4426909305,"l":4426909305,"T":1737303844558,"m":true,"M":true},{"a":3384967920,"p":"104999.72000000","q":"0.00012000","f":4426909306,"l":4426909306,"T":1737303844900,"m":false,"M":true},{"a":3384967921,"p":"104999.72000000","q":"0.03733000","f":4426909307,"l":4426909307,"T":1737303845216,"m":false,"M":true},{"a":3384967922,"p":"104999.72000000","q":"0.01021000","f":4426909308,"l":4426909308,"T":1737303845331,"m":false,"M":true},{"a":3384967923,"p":"104999.72000000","q":"0.00510000","f":4426909309,"l":4426909309,"T":1737303845331,"m":false,"M":true},{"a":3384967924,"p":"104999.71000000","q":"0.00078000","f":4426909310,"l":4426909310,"T":1737303845581,"m":true,"M":true},{"a":3384967925,"p":"104999.71000000","q":"0.00230000","f":4426909311,"l":4426909311,"T":1737303845592,"m":true,"M":true},{"a":3384967926,"p":"104999.71000000","q":"0.00020000","f":4426909312,"l":4426909312,"T":1737303846034,"m":true,"M":true},{"a":3384967927,"p":"104999.72000000","q":"0.00044000","f":4426909313,"l":4426909313,"T":1737303846115,"m":false,"M":true},{"a":3384967928,"p":"104999.71000000","q":"0.00311000","f":4426909314,"l":4426909314,"T":1737303846200,"m":true,"M":true},{"a":3384967929,"p":"104999.71000000","q":"0.00200000","f":4426909315,"l":4426909315,"T":1737303846215,"m":true,"M":true},{"a":3384967930,"p":"104999.72000000","q":"0.00179000","f":4426909316,"l":4426909316,"T":1737303846261,"m":false,"M":true},{"a":3384967931,"p":"104999.71000000","q":"0.00890000","f":4426909317,"l":4426909317,"T":1737303846341,"m":true,"M":true},{"a":3384967932,"p":"104999.72000000","q":"0.00103000","f":4426909318,"l":4426909318,"T":1737303846355,"m":false,"M":true},{"a":3384967933,"p":"104999.71000000","q":"0.00063000","f":4426909319,"l":4426909319,"T":1737303846415,"m":true,"M":true},{"a":3384967934,"p":"104999.72000000","q":"0.03568000","f":4426909320,"l":4426909320,"T":1737303846635,"m":false,"M":true},{"a":3384967935,"p":"104999.72000000","q":"0.01021000","f":4426909321,"l":4426909321,"T":1737303847037,"m":false,"M":true},{"a":3384967936,"p":"104999.72000000","q":"0.00511000","f":4426909322,"l":4426909322,"T":1737303847038,"m":false,"M":true},{"a":3384967937,"p":"104999.72000000","q":"0.00255000","f":4426909323,"l":4426909323,"T":1737303847206,"m":false,"M":true},{"a":3384967938,"p":"104999.72000000","q":"0.00255000","f":4426909324,"l":4426909324,"T":1737303847213,"m":false,"M":true},{"a":3384967939,"p":"104999.72000000","q":"0.00255000","f":4426909325,"l":4426909325,"T":1737303847214,"m":false,"M":true},{"a":3384967940,"p":"104999.72000000","q":"0.00255000","f":4426909326,"l":4426909326,"T":1737303847220,"m":false,"M":true},{"a":3384967941,"p":"104999.72000000","q":"0.00511000","f":4426909327,"l":4426909327,"T":1737303847222,"m":false,"M":true},{"a":3384967942,"p":"104999.72000000","q":"0.00401000","f":4426909328,"l":4426909328,"T":1737303847337,"m":false,"M":true},{"a":3384967943,"p":"104999.72000000","q":"0.00952000","f":4426909329,"l":4426909329,"T":1737303847699,"m":false,"M":true},{"a":3384967944,"p":"104999.71000000","q":"0.00019000","f":4426909330,"l":4426909330,"T":1737303847711,"m":true,"M":true},{"a":3384967945,"p":"104999.72000000","q":"0.00094000","f":4426909331,"l":4426909331,"T":1737303847992,"m":false,"M":true},{"a":3384967946,"p":"104999.72000000","q":"0.00087000","f":4426909332,"l":4426909332,"T":1737303848009,"m":false,"M":true},{"a":3384967947,"p":"104999.71000000","q":"0.00009000","f":4426909333,"l":4426909333,"T":1737303848442,"m":true,"M":true},{"a":3384967948,"p":"104999.71000000","q":"0.01087000","f":4426909334,"l":4426909335,"T":1737303848455,"m":true,"M":true},{"a":3384967949,"p":"104999.72000000","q":"0.01904000","f":4426909336,"l":4426909336,"T":1737303848616,"m":false,"M":true},{"a":3384967950,"p":"104999.72000000","q":"0.00510000","f":4426909337,"l":4426909337,"T":1737303848638,"m":false,"M":true},{"a":3384967951,"p":"104999.72000000","q":"0.01021000","f":4426909338,"l":4426909338,"T":1737303848638,"m":false,"M":true},{"a":3384967952,"p":"104999.71000000","q":"0.00028000","f":4426909339,"l":4426909339,"T":1737303848839,"m":true,"M":true},{"a":3384967953,"p":"104999.71000000","q":"0.00007000","f":4426909340,"l":4426909340,"T":1737303849137,"m":true,"M":true},{"a":3384967954,"p":"104999.71000000","q":"0.00310000","f":4426909341,"l":4426909341,"T":1737303849191,"m":true,"M":true},{"a":3384967955,"p":"104999.71000000","q":"0.00029000","f":4426909342,"l":4426909342,"T":1737303849202,"m":true,"M":true},{"a":3384967956,"p":"104999.71000000","q":"0.00144000","f":4426909343,"l":4426909343,"T":1737303849432,"m":true,"M":true},{"a":3384967957,"p":"104999.72000000","q":"0.00013000","f":4426909344,"l":4426909344,"T":1737303849434,"m":false,"M":true},{"a":3384967958,"p":"104999.71000000","q":"0.00277000","f":4426909345,"l":4426909345,"T":1737303849975,"m":true,"M":true},{"a":3384967959,"p":"104999.71000000","q":"0.09734000","f":4426909346,"l":4426909347,"T":1737303850210,"m":true,"M":true},{"a":3384967960,"p":"104999.72000000","q":"0.00510000","f":4426909348,"l":4426909350,"T":1737303850239,"m":false,"M":true},{"a":3384967961,"p":"104999.71000000","q":"0.00012000","f":4426909351,"l":4426909351,"T":1737303850358,"m":true,"M":true},{"a":3384967962,"p":"104999.72000000","q":"0.00012000","f":4426909352,"l":4426909352,"T":1737303850738,"m":false,"M":true},{"a":3384967963,"p":"104999.71000000","q":"0.00189000","f":4426909353,"l":4426909353,"T":1737303850778,"m":true,"M":true},{"a":3384967964,"p":"104999.71000000","q":"0.02100000","f":4426909354,"l":4426909354,"T":1737303850919,"m":true,"M":true},{"a":3384967965,"p":"104999.71000000","q":"0.00061000","f":4426909355,"l":4426909355,"T":1737303850940,"m":true,"M":true},{"a":3384967966,"p":"104999.71000000","q":"0.00025000","f":4426909356,"l":4426909356,"T":1737303851071,"m":true,"M":true},{"a":3384967967,"p":"104999.71000000","q":"0.00031000","f":4426909357,"l":4426909357,"T":1737303851102,"m":true,"M":true},{"a":3384967968,"p":"104999.72000000","q":"0.00008000","f":4426909358,"l":4426909358,"T":1737303851297,"m":false,"M":true},{"a":3384967969,"p":"104999.72000000","q":"0.50000000","f":4426909359,"l":4426909366,"T":1737303851515,"m":false,"M":true},{"a":3384967970,"p":"104999.72000000","q":"0.00049000","f":4426909367,"l":4426909367,"T":1737303851677,"m":false,"M":true},{"a":3384967971,"p":"104999.71000000","q":"0.00388000","f":4426909368,"l":4426909368,"T":1737303852232,"m":true,"M":true},{"a":3384967972,"p":"104999.71000000","q":"0.00382000","f":4426909369,"l":4426909369,"T":1737303852440,"m":true,"M":true},{"a":3384967973,"p":"104999.72000000","q":"0.00059000","f":4426909370,"l":4426909370,"T":1737303852521,"m":false,"M":true},{"a":3384967974,"p":"104999.72000000","q":"0.00011000","f":4426909371,"l":4426909371,"T":1737303852773,"m":false,"M":true},{"a":3384967975,"p":"104999.71000000","q":"0.00036000","f":4426909372,"l":4426909372,"T":1737303853362,"m":true,"M":true},{"a":3384967976,"p":"104999.72000000","q":"0.00103000","f":4426909373,"l":4426909373,"T":1737303853621,"m":false,"M":true},{"a":3384967977,"p":"104999.72000000","q":"0.20952000","f":4426909374,"l":4426909375,"T":1737303853730,"m":false,"M":true},{"a":3384967978,"p":"104999.72000000","q":"0.00019000","f":4426909376,"l":4426909376,"T":1737303853908,"m":false,"M":true},{"a":3384967979,"p":"104999.71000000","q":"0.00242000","f":4426909377,"l":4426909377,"T":1737303854311,"m":true,"M":true},{"a":3384967980,"p":"104999.71000000","q":"0.00031000","f":4426909378,"l":4426909378,"T":1737303854539,"m":true,"M":true},{"a":3384967981,"p":"104999.72000000","q":"0.00017000","f":4426909379,"l":4426909379,"T":1737303854688,"m":false,"M":true},{"a":3384967982,"p":"104999.72000000","q":"0.00028000","f":4426909380,"l":4426909380,"T":1737303854849,"m":false,"M":true},{"a":3384967983,"p":"104999.72000000","q":"0.00141000","f":4426909381,"l":4426909381,"T":1737303854919,"m":false,"M":true},{"a":3384967984,"p":"104999.71000000","q":"0.00666000","f":4426909382,"l":4426909382,"T":1737303855193,"m":true,"M":true},{"a":3384967985,"p":"104999.71000000","q":"0.00158000","f":4426909383,"l":4426909383,"T":1737303855486,"m":true,"M":true},{"a":3384967986,"p":"104999.71000000","q":"0.00021000","f":4426909384,"l":4426909384,"T":1737303855616,"m":true,"M":true},{"a":3384967987,"p":"104999.72000000","q":"0.04467000","f":4426909385,"l":4426909391,"T":1737303855676,"m":false,"M":true},{"a":3384967988,"p":"104999.82000000","q":"0.00050000","f":4426909392,"l":4426909401,"T":1737303855676,"m":false,"M":true},{"a":3384967989,"p":"104999.88000000","q":"0.00350000","f":4426909402,"l":4426909403,"T":1737303855676,"m":false,"M":true},{"a":3384967990,"p":"104999.89000000","q":"0.00010000","f":4426909404,"l":4426909404,"T":1737303855676,"m":false,"M":true},{"a":3384967991,"p":"104999.98000000","q":"0.00961000","f":4426909405,"l":4426909405,"T":1737303855676,"m":false,"M":true},{"a":3384967992,"p":"104999.98000000","q":"0.00049000","f":4426909406,"l":4426909406,"T":1737303855759,"m":false,"M":true},{"a":3384967993,"p":"104999.98000000","q":"0.00510000","f":4426909407,"l":4426909408,"T":1737303855778,"m":false,"M":true},{"a":3384967994,"p":"104999.98000000","q":"0.01021000","f":4426909409,"l":4426909409,"T":1737303855778,"m":false,"M":true},{"a":3384967995,"p":"104999.97000000","q":"0.00042000","f":4426909410,"l":4426909410,"T":1737303856046,"m":true,"M":true},{"a":3384967996,"p":"104999.97000000","q":"0.00035000","f":4426909411,"l":4426909411,"T":1737303856140,"m":true,"M":true},{"a":3384967997,"p":"104999.98000000","q":"0.00049000","f":4426909412,"l":4426909412,"T":1737303856169,"m":false,"M":true},{"a":3384967998,"p":"104999.98000000","q":"0.00038000","f":4426909413,"l":4426909413,"T":1737303856540,"m":false,"M":true},{"a":3384967999,"p":"104999.98000000","q":"0.00009000","f":4426909414,"l":4426909414,"T":1737303856605,"m":false,"M":true},{"a":3384968000,"p":"104999.98000000","q":"0.00510000","f":4426909415,"l":4426909415,"T":1737303856740,"m":false,"M":true},{"a":3384968001,"p":"104999.98000000","q":"0.01021000","f":4426909416,"l":4426909416,"T":1737303856741,"m":false,"M":true},{"a":3384968002,"p":"104999.97000000","q":"0.00009000","f":4426909417,"l":4426909417,"T":1737303856791,"m":true,"M":true},{"a":3384968003,"p":"104999.98000000","q":"0.03063000","f":4426909418,"l":4426909418,"T":1737303856793,"m":false,"M":true},{"a":3384968004,"p":"104999.98000000","q":"0.01276000","f":4426909419,"l":4426909419,"T":1737303856793,"m":false,"M":true},{"a":3384968005,"p":"104999.97000000","q":"0.00040000","f":4426909420,"l":4426909420,"T":1737303856900,"m":true,"M":true},{"a":3384968006,"p":"104999.97000000","q":"0.00049000","f":4426909421,"l":4426909421,"T":1737303856950,"m":true,"M":true},{"a":3384968007,"p":"104999.97000000","q":"0.00162000","f":4426909422,"l":4426909422,"T":1737303857025,"m":true,"M":true},{"a":3384968008,"p":"104999.97000000","q":"0.00040000","f":4426909423,"l":4426909423,"T":1737303857123,"m":true,"M":true},{"a":3384968009,"p":"104999.98000000","q":"0.03063000","f":4426909424,"l":4426909424,"T":1737303857144,"m":false,"M":true},{"a":3384968010,"p":"104999.98000000","q":"0.03063000","f":4426909425,"l":4426909425,"T":1737303857144,"m":false,"M":true},{"a":3384968011,"p":"104999.97000000","q":"0.00240000","f":4426909426,"l":4426909426,"T":1737303857211,"m":true,"M":true},{"a":3384968012,"p":"104999.97000000","q":"0.00474000","f":4426909427,"l":4426909427,"T":1737303857278,"m":true,"M":true},{"a":3384968013,"p":"104999.97000000","q":"0.00012000","f":4426909428,"l":4426909428,"T":1737303857403,"m":true,"M":true},{"a":3384968014,"p":"104999.98000000","q":"0.00511000","f":4426909429,"l":4426909429,"T":1737303857708,"m":false,"M":true},{"a":3384968015,"p":"104999.98000000","q":"0.01276000","f":4426909430,"l":4426909430,"T":1737303857708,"m":false,"M":true},{"a":3384968016,"p":"104999.98000000","q":"0.00179000","f":4426909431,"l":4426909431,"T":1737303857857,"m":false,"M":true},{"a":3384968017,"p":"104999.98000000","q":"0.00009000","f":4426909432,"l":4426909432,"T":1737303857908,"m":false,"M":true},{"a":3384968018,"p":"104999.97000000","q":"0.00013000","f":4426909433,"l":4426909433,"T":1737303857958,"m":true,"M":true},{"a":3384968019,"p":"104999.97000000","q":"0.00021000","f":4426909434,"l":4426909434,"T":1737303858317,"m":true,"M":true},{"a":3384968020,"p":"104999.98000000","q":"0.02042000","f":4426909435,"l":4426909435,"T":1737303858356,"m":false,"M":true},{"a":3384968021,"p":"104999.98000000","q":"0.01021000","f":4426909436,"l":4426909436,"T":1737303858356,"m":false,"M":true},{"a":3384968022,"p":"104999.97000000","q":"0.00100000","f":4426909437,"l":4426909437,"T":1737303858611,"m":true,"M":true},{"a":3384968023,"p":"104999.97000000","q":"0.00144000","f":4426909438,"l":4426909438,"T":1737303858661,"m":true,"M":true},{"a":3384968024,"p":"104999.97000000","q":"0.00009000","f":4426909439,"l":4426909439,"T":1737303858709,"m":true,"M":true},{"a":3384968025,"p":"104999.98000000","q":"0.50000000","f":4426909440,"l":4426909444,"T":1737303858782,"m":false,"M":true},{"a":3384968026,"p":"104999.98000000","q":"0.00510000","f":4426909445,"l":4426909445,"T":1737303858789,"m":false,"M":true},{"a":3384968027,"p":"104999.98000000","q":"0.00510000","f":4426909446,"l":4426909446,"T":1737303858858,"m":false,"M":true},{"a":3384968028,"p":"104999.97000000","q":"0.00010000","f":4426909447,"l":4426909447,"T":1737303858861,"m":true,"M":true},{"a":3384968029,"p":"104999.98000000","q":"0.01021000","f":4426909448,"l":4426909448,"T":1737303858868,"m":false,"M":true},{"a":3384968030,"p":"104999.98000000","q":"0.01021000","f":4426909449,"l":4426909449,"T":1737303858868,"m":false,"M":true},{"a":3384968031,"p":"104999.98000000","q":"0.00015000","f":4426909450,"l":4426909450,"T":1737303858916,"m":false,"M":true},{"a":3384968032,"p":"104999.98000000","q":"0.00045000","f":4426909451,"l":4426909451,"T":1737303858918,"m":false,"M":true},{"a":3384968033,"p":"104999.97000000","q":"0.00045000","f":4426909452,"l":4426909452,"T":1737303859040,"m":true,"M":true},{"a":3384968034,"p":"104999.98000000","q":"0.00014000","f":4426909453,"l":4426909453,"T":1737303859144,"m":false,"M":true},{"a":3384968035,"p":"104999.98000000","q":"0.00049000","f":4426909454,"l":4426909454,"T":1737303859175,"m":false,"M":true},{"a":3384968036,"p":"104999.98000000","q":"0.00049000","f":4426909455,"l":4426909455,"T":1737303859249,"m":false,"M":true},{"a":3384968037,"p":"104999.97000000","q":"0.00012000","f":4426909456,"l":4426909456,"T":1737303859254,"m":true,"M":true},{"a":3384968038,"p":"104999.97000000","q":"0.00155000","f":4426909457,"l":4426909457,"T":1737303859291,"m":true,"M":true},{"a":3384968039,"p":"104999.97000000","q":"0.00508000","f":4426909458,"l":4426909458,"T":1737303859340,"m":true,"M":true},{"a":3384968040,"p":"104999.97000000","q":"0.00062000","f":4426909459,"l":4426909459,"T":1737303859528,"m":true,"M":true},{"a":3384968041,"p":"104999.98000000","q":"0.00228000","f":4426909460,"l":4426909462,"T":1737303859669,"m":false,"M":true},{"a":3384968042,"p":"104999.98000000","q":"0.00049000","f":4426909463,"l":4426909463,"T":1737303859752,"m":false,"M":true},{"a":3384968043,"p":"104999.97000000","q":"0.00009000","f":4426909464,"l":4426909464,"T":1737303859840,"m":true,"M":true},{"a":3384968044,"p":"104999.97000000","q":"0.00017000","f":4426909465,"l":4426909465,"T":1737303860012,"m":true,"M":true},{"a":3384968045,"p":"104999.98000000","q":"0.00009000","f":4426909466,"l":4426909466,"T":1737303860710,"m":false,"M":true},{"a":3384968046,"p":"104999.97000000","q":"0.00032000","f":4426909467,"l":4426909467,"T":1737303860815,"m":true,"M":true},{"a":3384968047,"p":"104999.98000000","q":"0.04242000","f":4426909468,"l":4426909470,"T":1737303860987,"m":false,"M":true},{"a":3384968048,"p":"104999.98000000","q":"0.12724000","f":4426909471,"l":4426909472,"T":1737303861078,"m":false,"M":true},{"a":3384968049,"p":"104999.98000000","q":"0.19976000","f":4426909473,"l":4426909473,"T":1737303861152,"m":false,"M":true},{"a":3384968050,"p":"104999.97000000","q":"0.00172000","f":4426909474,"l":4426909474,"T":1737303861168,"m":true,"M":true},{"a":3384968051,"p":"104999.98000000","q":"0.00049000","f":4426909475,"l":4426909475,"T":1737303861179,"m":false,"M":true},{"a":3384968052,"p":"104999.98000000","q":"0.00033000","f":4426909476,"l":4426909476,"T":1737303861215,"m":false,"M":true},{"a":3384968053,"p":"104999.98000000","q":"0.01350000","f":4426909477,"l":4426909477,"T":1737303861228,"m":false,"M":true},{"a":3384968054,"p":"104999.98000000","q":"0.00049000","f":4426909478,"l":4426909478,"T":1737303861256,"m":false,"M":true},{"a":3384968055,"p":"104999.98000000","q":"0.00013000","f":4426909479,"l":4426909479,"T":1737303861334,"m":false,"M":true},{"a":3384968056,"p":"104999.97000000","q":"0.00963000","f":4426909480,"l":4426909480,"T":1737303861434,"m":true,"M":true},{"a":3384968057,"p":"104999.98000000","q":"0.00103000","f":4426909481,"l":4426909481,"T":1737303861546,"m":false,"M":true},{"a":3384968058,"p":"104999.98000000","q":"0.01021000","f":4426909482,"l":4426909482,"T":1737303861566,"m":false,"M":true},{"a":3384968059,"p":"104999.98000000","q":"0.02041000","f":4426909483,"l":4426909483,"T":1737303861570,"m":false,"M":true},{"a":3384968060,"p":"104999.98000000","q":"0.01021000","f":4426909484,"l":4426909484,"T":1737303861573,"m":false,"M":true},{"a":3384968061,"p":"104999.98000000","q":"0.01021000","f":4426909485,"l":4426909485,"T":1737303861607,"m":false,"M":true},{"a":3384968062,"p":"104999.98000000","q":"0.00255000","f":4426909486,"l":4426909486,"T":1737303861607,"m":false,"M":true},{"a":3384968063,"p":"104999.98000000","q":"0.00049000","f":4426909487,"l":4426909487,"T":1737303861680,"m":false,"M":true},{"a":3384968064,"p":"104999.97000000","q":"0.00150000","f":4426909488,"l":4426909488,"T":1737303861988,"m":true,"M":true},{"a":3384968065,"p":"104999.98000000","q":"0.00426000","f":4426909489,"l":4426909489,"T":1737303862082,"m":false,"M":true},{"a":3384968066,"p":"104999.98000000","q":"0.00008000","f":4426909490,"l":4426909490,"T":1737303862107,"m":false,"M":true},{"a":3384968067,"p":"104999.98000000","q":"0.00376000","f":4426909491,"l":4426909491,"T":1737303862192,"m":false,"M":true},{"a":3384968068,"p":"104999.97000000","q":"0.00308000","f":4426909492,"l":4426909492,"T":1737303862254,"m":true,"M":true},{"a":3384968069,"p":"104999.97000000","q":"0.00010000","f":4426909493,"l":4426909493,"T":1737303862470,"m":true,"M":true},{"a":3384968070,"p":"104999.98000000","q":"0.00095000","f":4426909494,"l":4426909494,"T":1737303862612,"m":false,"M":true},{"a":3384968071,"p":"104999.98000000","q":"0.02318000","f":4426909495,"l":4426909495,"T":1737303862652,"m":false,"M":true},{"a":3384968072,"p":"104999.98000000","q":"0.05076000","f":4426909496,"l":4426909496,"T":1737303862702,"m":false,"M":true},{"a":3384968073,"p":"104999.98000000","q":"0.01021000","f":4426909497,"l":4426909497,"T":1737303862712,"m":false,"M":true},{"a":3384968074,"p":"104999.98000000","q":"0.01021000","f":4426909498,"l":4426909498,"T":1737303862712,"m":false,"M":true},{"a":3384968075,"p":"104999.97000000","q":"0.00020000","f":4426909499,"l":4426909499,"T":1737303862739,"m":true,"M":true},{"a":3384968076,"p":"104999.98000000","q":"0.01276000","f":4426909500,"l":4426909500,"T":1737303862746,"m":false,"M":true},{"a":3384968077,"p":"104999.97000000","q":"0.00197000","f":4426909501,"l":4426909501,"T":1737303862761,"m":true,"M":true},{"a":3384968078,"p":"104999.98000000","q":"0.00511000","f":4426909502,"l":4426909502,"T":1737303862761,"m":false,"M":true},{"a":3384968079,"p":"104999.98000000","q":"0.00766000","f":4426909503,"l":4426909503,"T":1737303862761,"m":false,"M":true},{"a":3384968080,"p":"104999.98000000","q":"0.00308000","f":4426909504,"l":4426909504,"T":1737303862788,"m":false,"M":true},{"a":3384968081,"p":"104999.98000000","q":"0.01021000","f":4426909505,"l":4426909505,"T":1737303862835,"m":false,"M":true},{"a":3384968082,"p":"104999.97000000","q":"0.00700000","f":4426909506,"l":4426909506,"T":1737303862868,"m":true,"M":true},{"a":3384968083,"p":"104999.98000000","q":"0.00308000","f":4426909507,"l":4426909510,"T":1737303863003,"m":false,"M":true},{"a":3384968084,"p":"104999.99000000","q":"0.00032000","f":4426909511,"l":4426909514,"T":1737303863028,"m":false,"M":true},{"a":3384968085,"p":"105000.00000000","q":"0.01500000","f":4426909515,"l":4426909518,"T":1737303863028,"m":false,"M":true},{"a":3384968086,"p":"105000.00000000","q":"0.03827000","f":4426909519,"l":4426909523,"T":1737303863028,"m":false,"M":true},{"a":3384968087,"p":"105000.00000000","q":"0.00511000","f":4426909524,"l":4426909525,"T":1737303863033,"m":false,"M":true},{"a":3384968088,"p":"105000.00000000","q":"0.01021000","f":4426909526,"l":4426909526,"T":1737303863034,"m":false,"M":true},{"a":3384968089,"p":"105000.00000000","q":"0.00511000","f":4426909527,"l":4426909527,"T":1737303863076,"m":false,"M":true},{"a":3384968090,"p":"105000.00000000","q":"0.00231000","f":4426909528,"l":4426909528,"T":1737303863118,"m":false,"M":true},{"a":3384968091,"p":"105000.00000000","q":"0.00049000","f":4426909529,"l":4426909529,"T":1737303863183,"m":false,"M":true},{"a":3384968092,"p":"105000.00000000","q":"0.00049000","f":4426909530,"l":4426909530,"T":1737303863259,"m":false,"M":true},{"a":3384968093,"p":"105000.00000000","q":"0.00025000","f":4426909531,"l":4426909531,"T":1737303863339,"m":false,"M":true},{"a":3384968094,"p":"105000.00000000","q":"0.00009000","f":4426909532,"l":4426909532,"T":1737303863575,"m":false,"M":true},{"a":3384968095,"p":"104999.99000000","q":"0.00034000","f":4426909533,"l":4426909533,"T":1737303864013,"m":true,"M":true},{"a":3384968096,"p":"105000.00000000","q":"0.00511000","f":4426909534,"l":4426909534,"T":1737303864107,"m":false,"M":true},{"a":3384968097,"p":"105000.00000000","q":"0.00511000","f":4426909535,"l":4426909535,"T":1737303864138,"m":false,"M":true},{"a":3384968098,"p":"105000.00000000","q":"0.01021000","f":4426909536,"l":4426909536,"T":1737303864138,"m":false,"M":true},{"a":3384968099,"p":"105000.00000000","q":"0.16413000","f":4426909537,"l":4426909544,"T":1737303864149,"m":false,"M":true},{"a":3384968100,"p":"105000.00000000","q":"0.01021000","f":4426909545,"l":4426909545,"T":1737303864162,"m":false,"M":true},{"a":3384968101,"p":"105000.00000000","q":"0.01021000","f":4426909546,"l":4426909546,"T":1737303864163,"m":false,"M":true},{"a":3384968102,"p":"105000.00000000","q":"0.01021000","f":4426909547,"l":4426909547,"T":1737303864170,"m":false,"M":true},{"a":3384968103,"p":"105000.00000000","q":"0.00511000","f":4426909548,"l":4426909548,"T":1737303864170,"m":false,"M":true},{"a":3384968104,"p":"105000.00000000","q":"0.00207000","f":4426909549,"l":4426909571,"T":1737303864190,"m":false,"M":true},{"a":3384968105,"p":"105000.01000000","q":"0.02043000","f":4426909572,"l":4426909573,"T":1737303864222,"m":false,"M":true},{"a":3384968106,"p":"105000.01000000","q":"0.01021000","f":4426909574,"l":4426909574,"T":1737303864222,"m":false,"M":true},{"a":3384968107,"p":"105000.01000000","q":"0.00049000","f":4426909575,"l":4426909575,"T":1737303864259,"m":false,"M":true},{"a":3384968108,"p":"105000.00000000","q":"0.00015000","f":4426909576,"l":4426909576,"T":1737303864414,"m":true,"M":true},{"a":3384968109,"p":"105000.00000000","q":"0.00228000","f":4426909577,"l":4426909577,"T":1737303864504,"m":true,"M":true},{"a":3384968110,"p":"105000.00000000","q":"0.05000000","f":4426909578,"l":4426909578,"T":1737303864645,"m":true,"M":true},{"a":3384968111,"p":"105000.01000000","q":"0.00049000","f":4426909579,"l":4426909579,"T":1737303864683,"m":false,"M":true},{"a":3384968112,"p":"105000.01000000","q":"0.01517000","f":4426909580,"l":4426909604,"T":1737303864716,"m":false,"M":true},{"a":3384968113,"p":"105000.25000000","q":"0.00049000","f":4426909605,"l":4426909605,"T":1737303864762,"m":false,"M":true},{"a":3384968114,"p":"105000.24000000","q":"0.10476000","f":4426909606,"l":4426909606,"T":1737303864978,"m":true,"M":true},{"a":3384968115,"p":"105000.25000000","q":"0.00049000","f":4426909607,"l":4426909607,"T":1737303865183,"m":false,"M":true},{"a":3384968116,"p":"105000.25000000","q":"0.00010000","f":4426909608,"l":4426909608,"T":1737303865237,"m":false,"M":true},{"a":3384968117,"p":"105000.24000000","q":"0.00020000","f":4426909609,"l":4426909609,"T":1737303865240,"m":true,"M":true},{"a":3384968118,"p":"105000.25000000","q":"0.02043000","f":4426909610,"l":4426909610,"T":1737303865384,"m":false,"M":true},{"a":3384968119,"p":"105000.25000000","q":"0.00511000","f":4426909611,"l":4426909611,"T":1737303865385,"m":false,"M":true},{"a":3384968120,"p":"105000.25000000","q":"0.00157000","f":4426909612,"l":4426909612,"T":1737303865462,"m":false,"M":true},{"a":3384968121,"p":"105000.25000000","q":"0.00350000","f":4426909613,"l":4426909613,"T":1737303865582,"m":false,"M":true},{"a":3384968122,"p":"105000.25000000","q":"0.02043000","f":4426909614,"l":4426909614,"T":1737303865705,"m":false,"M":true},{"a":3384968123,"p":"105000.25000000","q":"0.02043000","f":4426909615,"l":4426909615,"T":1737303865705,"m":false,"M":true},{"a":3384968124,"p":"105000.25000000","q":"0.50068000","f":4426909616,"l":4426909619,"T":1737303865917,"m":false,"M":true},{"a":3384968125,"p":"105000.25000000","q":"0.00045000","f":4426909620,"l":4426909628,"T":1737303865925,"m":false,"M":true},{"a":3384968126,"p":"105000.37000000","q":"0.00005000","f":4426909629,"l":4426909629,"T":1737303865925,"m":false,"M":true},{"a":3384968127,"p":"105001.17000000","q":"0.00775000","f":4426909630,"l":4426909630,"T":1737303865925,"m":false,"M":true},{"a":3384968128,"p":"105001.90000000","q":"0.00542000","f":4426909631,"l":4426909631,"T":1737303865925,"m":false,"M":true},{"a":3384968129,"p":"105001.91000000","q":"0.00005000","f":4426909632,"l":4426909632,"T":1737303865925,"m":false,"M":true},{"a":3384968130,"p":"105002.15000000","q":"0.00005000","f":4426909633,"l":4426909633,"T":1737303865925,"m":false,"M":true},{"a":3384968131,"p":"105002.46000000","q":"0.00049000","f":4426909634,"l":4426909634,"T":1737303866184,"m":false,"M":true},{"a":3384968132,"p":"105002.46000000","q":"0.00255000","f":4426909635,"l":4426909635,"T":1737303866226,"m":false,"M":true},{"a":3384968133,"p":"105002.46000000","q":"0.50000000","f":4426909636,"l":4426909636,"T":1737303866263,"m":false,"M":true},{"a":3384968134,"p":"105002.46000000","q":"0.00049000","f":4426909637,"l":4426909637,"T":1737303866263,"m":false,"M":true},{"a":3384968135,"p":"105002.45000000","q":"0.00088000","f":4426909638,"l":4426909638,"T":1737303866292,"m":true,"M":true},{"a":3384968136,"p":"105002.45000000","q":"0.00020000","f":4426909639,"l":4426909639,"T":1737303866508,"m":true,"M":true},{"a":3384968137,"p":"105002.46000000","q":"0.00095000","f":4426909640,"l":4426909640,"T":1737303866616,"m":false,"M":true},{"a":3384968138,"p":"105002.45000000","q":"0.00228000","f":4426909641,"l":4426909642,"T":1737303866635,"m":true,"M":true},{"a":3384968139,"p":"105002.46000000","q":"0.00019000","f":4426909643,"l":4426909643,"T":1737303866699,"m":false,"M":true},{"a":3384968140,"p":"105002.46000000","q":"0.00579000","f":4426909644,"l":4426909644,"T":1737303866889,"m":false,"M":true},{"a":3384968141,"p":"105002.45000000","q":"0.00383000","f":4426909645,"l":4426909645,"T":1737303867004,"m":true,"M":true},{"a":3384968142,"p":"105002.46000000","q":"0.00088000","f":4426909646,"l":4426909646,"T":1737303867008,"m":false,"M":true},{"a":3384968143,"p":"105002.46000000","q":"0.00103000","f":4426909647,"l":4426909647,"T":1737303867072,"m":false,"M":true},{"a":3384968144,"p":"105002.46000000","q":"0.02044000","f":4426909648,"l":4426909648,"T":1737303867245,"m":false,"M":true},{"a":3384968145,"p":"105002.46000000","q":"0.00511000","f":4426909649,"l":4426909649,"T":1737303867246,"m":false,"M":true},{"a":3384968146,"p":"105002.45000000","q":"0.00024000","f":4426909650,"l":4426909650,"T":1737303867271,"m":true,"M":true},{"a":3384968147,"p":"105002.46000000","q":"0.00511000","f":4426909651,"l":4426909658,"T":1737303867272,"m":false,"M":true},{"a":3384968148,"p":"105002.46000000","q":"0.00200000","f":4426909659,"l":4426909659,"T":1737303867277,"m":false,"M":true},{"a":3384968149,"p":"105002.46000000","q":"0.00172000","f":4426909660,"l":4426909670,"T":1737303867315,"m":false,"M":true},{"a":3384968150,"p":"105002.52000000","q":"0.00010000","f":4426909671,"l":4426909671,"T":1737303867315,"m":false,"M":true},{"a":3384968151,"p":"105002.80000000","q":"0.00005000","f":4426909672,"l":4426909672,"T":1737303867315,"m":false,"M":true},{"a":3384968152,"p":"105003.40000000","q":"0.00005000","f":4426909673,"l":4426909673,"T":1737303867315,"m":false,"M":true},{"a":3384968153,"p":"105003.50000000","q":"0.00040000","f":4426909674,"l":4426909677,"T":1737303867315,"m":false,"M":true},{"a":3384968154,"p":"105003.51000000","q":"0.07318000","f":4426909678,"l":4426909678,"T":1737303867315,"m":false,"M":true},{"a":3384968155,"p":"105003.99000000","q":"0.00915000","f":4426909679,"l":4426909679,"T":1737303867315,"m":false,"M":true},{"a":3384968156,"p":"105004.00000000","q":"0.00700000","f":4426909680,"l":4426909681,"T":1737303867315,"m":false,"M":true},{"a":3384968157,"p":"105004.37000000","q":"0.00028000","f":4426909682,"l":4426909685,"T":1737303867315,"m":false,"M":true},{"a":3384968158,"p":"105004.39000000","q":"0.00388000","f":4426909686,"l":4426909686,"T":1737303867315,"m":false,"M":true},{"a":3384968159,"p":"105004.39000000","q":"0.02589000","f":4426909687,"l":4426909687,"T":1737303867663,"m":true,"M":true},{"a":3384968160,"p":"105004.39000000","q":"0.00023000","f":4426909688,"l":4426909688,"T":1737303867664,"m":true,"M":true},{"a":3384968161,"p":"105004.40000000","q":"0.00131000","f":4426909689,"l":4426909689,"T":1737303867678,"m":false,"M":true},{"a":3384968162,"p":"105004.40000000","q":"0.00163000","f":4426909690,"l":4426909690,"T":1737303867688,"m":false,"M":true},{"a":3384968163,"p":"105004.40000000","q":"0.00049000","f":4426909691,"l":4426909691,"T":1737303867701,"m":false,"M":true},{"a":3384968164,"p":"105004.40000000","q":"0.00049000","f":4426909692,"l":4426909692,"T":1737303867768,"m":false,"M":true},{"a":3384968165,"p":"105004.39000000","q":"0.00030000","f":4426909693,"l":4426909693,"T":1737303867840,"m":true,"M":true},{"a":3384968166,"p":"105004.39000000","q":"0.00009000","f":4426909694,"l":4426909694,"T":1737303867908,"m":true,"M":true},{"a":3384968167,"p":"105004.39000000","q":"0.00267000","f":4426909695,"l":4426909695,"T":1737303868080,"m":true,"M":true},{"a":3384968168,"p":"105004.40000000","q":"0.00049000","f":4426909696,"l":4426909696,"T":1737303868271,"m":false,"M":true},{"a":3384968169,"p":"105004.40000000","q":"0.01022000","f":4426909697,"l":4426909697,"T":1737303868315,"m":false,"M":true},{"a":3384968170,"p":"105004.40000000","q":"0.02044000","f":4426909698,"l":4426909698,"T":1737303868315,"m":false,"M":true},{"a":3384968171,"p":"105004.39000000","q":"0.00086000","f":4426909699,"l":4426909699,"T":1737303868386,"m":true,"M":true},{"a":3384968172,"p":"105004.39000000","q":"0.00009000","f":4426909700,"l":4426909700,"T":1737303868393,"m":true,"M":true},{"a":3384968173,"p":"105004.39000000","q":"0.00500000","f":4426909701,"l":4426909701,"T":1737303868599,"m":true,"M":true},{"a":3384968174,"p":"105004.40000000","q":"0.00006000","f":4426909702,"l":4426909702,"T":1737303868608,"m":false,"M":true},{"a":3384968175,"p":"105004.39000000","q":"0.00267000","f":4426909703,"l":4426909703,"T":1737303868891,"m":true,"M":true},{"a":3384968176,"p":"105004.40000000","q":"0.01909000","f":4426909704,"l":4426909704,"T":1737303868954,"m":false,"M":true},{"a":3384968177,"p":"105004.39000000","q":"0.00009000","f":4426909705,"l":4426909705,"T":1737303868981,"m":true,"M":true},{"a":3384968178,"p":"105004.39000000","q":"0.07000000","f":4426909706,"l":4426909706,"T":1737303869016,"m":true,"M":true},{"a":3384968179,"p":"105004.40000000","q":"0.00014000","f":4426909707,"l":4426909707,"T":1737303869113,"m":false,"M":true},{"a":3384968180,"p":"105004.40000000","q":"0.01022000","f":4426909708,"l":4426909708,"T":1737303869648,"m":false,"M":true},{"a":3384968181,"p":"105004.40000000","q":"0.01022000","f":4426909709,"l":4426909709,"T":1737303869984,"m":false,"M":true},{"a":3384968182,"p":"105004.39000000","q":"0.00031000","f":4426909710,"l":4426909710,"T":1737303870020,"m":true,"M":true},{"a":3384968183,"p":"105004.40000000","q":"0.00511000","f":4426909711,"l":4426909711,"T":1737303870121,"m":false,"M":true},{"a":3384968184,"p":"105004.40000000","q":"0.00511000","f":4426909712,"l":4426909712,"T":1737303870162,"m":false,"M":true},{"a":3384968185,"p":"105004.40000000","q":"0.00434000","f":4426909713,"l":4426909713,"T":1737303870750,"m":false,"M":true},{"a":3384968186,"p":"105004.39000000","q":"0.00024000","f":4426909714,"l":4426909714,"T":1737303870871,"m":true,"M":true},{"a":3384968187,"p":"105004.40000000","q":"0.02045000","f":4426909715,"l":4426909715,"T":1737303871093,"m":false,"M":true},{"a":3384968188,"p":"105004.40000000","q":"0.01023000","f":4426909716,"l":4426909716,"T":1737303871093,"m":false,"M":true},{"a":3384968189,"p":"105004.39000000","q":"0.00172000","f":4426909717,"l":4426909717,"T":1737303871153,"m":true,"M":true},{"a":3384968190,"p":"105004.40000000","q":"0.00511000","f":4426909718,"l":4426909718,"T":1737303871223,"m":false,"M":true},{"a":3384968191,"p":"105004.40000000","q":"0.00256000","f":4426909719,"l":4426909719,"T":1737303871294,"m":false,"M":true},{"a":3384968192,"p":"105004.39000000","q":"0.00024000","f":4426909720,"l":4426909720,"T":1737303871462,"m":true,"M":true},{"a":3384968193,"p":"105004.39000000","q":"0.00101000","f":4426909721,"l":4426909721,"T":1737303871812,"m":true,"M":true},{"a":3384968194,"p":"105004.40000000","q":"0.00511000","f":4426909722,"l":4426909722,"T":1737303871813,"m":false,"M":true},{"a":3384968195,"p":"105004.40000000","q":"0.00511000","f":4426909723,"l":4426909723,"T":1737303871949,"m":false,"M":true},{"a":3384968196,"p":"105004.39000000","q":"0.00014000","f":4426909724,"l":4426909724,"T":1737303872044,"m":true,"M":true},{"a":3384968197,"p":"105004.39000000","q":"0.00011000","f":4426909725,"l":4426909725,"T":1737303872525,"m":true,"M":true},{"a":3384968198,"p":"105004.39000000","q":"0.00020000","f":4426909726,"l":4426909726,"T":1737303873211,"m":true,"M":true},{"a":3384968199,"p":"105004.40000000","q":"0.00511000","f":4426909727,"l":4426909727,"T":1737303873385,"m":false,"M":true},{"a":3384968200,"p":"105004.40000000","q":"0.00511000","f":4426909728,"l":4426909728,"T":1737303873414,"m":false,"M":true},{"a":3384968201,"p":"105004.39000000","q":"0.00969000","f":4426909729,"l":4426909729,"T":1737303873441,"m":true,"M":true},{"a":3384968202,"p":"105004.40000000","q":"0.00095000","f":4426909730,"l":4426909730,"T":1737303873538,"m":false,"M":true},{"a":3384968203,"p":"105004.40000000","q":"0.50000000","f":4426909731,"l":4426909737,"T":1737303873584,"m":false,"M":true},{"a":3384968204,"p":"105004.40000000","q":"0.00049000","f":4426909738,"l":4426909738,"T":1737303873697,"m":false,"M":true},{"a":3384968205,"p":"105004.40000000","q":"0.00124000","f":4426909739,"l":4426909739,"T":1737303873700,"m":false,"M":true},{"a":3384968206,"p":"105004.40000000","q":"0.15240000","f":4426909740,"l":4426909742,"T":1737303873884,"m":false,"M":true},{"a":3384968207,"p":"105004.40000000","q":"0.33840000","f":4426909743,"l":4426909752,"T":1737303873884,"m":false,"M":true},{"a":3384968208,"p":"105004.40000000","q":"0.05780000","f":4426909753,"l":4426909753,"T":1737303873884,"m":false,"M":true},{"a":3384968209,"p":"105004.40000000","q":"0.01855000","f":4426909754,"l":4426909754,"T":1737303873884,"m":false,"M":true},{"a":3384968210,"p":"105004.40000000","q":"0.27938000","f":4426909755,"l":4426909755,"T":1737303873884,"m":false,"M":true},{"a":3384968211,"p":"105005.01000000","q":"0.00005000","f":4426909756,"l":4426909756,"T":1737303873884,"m":false,"M":true},{"a":3384968212,"p":"105005.25000000","q":"0.00010000","f":4426909757,"l":4426909757,"T":1737303873884,"m":false,"M":true},{"a":3384968213,"p":"105005.34000000","q":"0.00005000","f":4426909758,"l":4426909758,"T":1737303873884,"m":false,"M":true},{"a":3384968214,"p":"105006.09000000","q":"0.03429000","f":4426909759,"l":4426909760,"T":1737303873884,"m":false,"M":true},{"a":3384968215,"p":"105006.27000000","q":"0.00529000","f":4426909761,"l":4426909761,"T":1737303873884,"m":false,"M":true},{"a":3384968216,"p":"105006.29000000","q":"0.57216000","f":4426909762,"l":4426909762,"T":1737303873884,"m":false,"M":true},{"a":3384968217,"p":"105006.65000000","q":"0.00807000","f":4426909763,"l":4426909763,"T":1737303873886,"m":false,"M":true},{"a":3384968218,"p":"105006.74000000","q":"0.02380000","f":4426909764,"l":4426909764,"T":1737303873886,"m":false,"M":true},{"a":3384968219,"p":"105006.95000000","q":"0.00005000","f":4426909765,"l":4426909765,"T":1737303873887,"m":false,"M":true},{"a":3384968220,"p":"105007.13000000","q":"0.00047000","f":4426909766,"l":4426909766,"T":1737303873887,"m":false,"M":true},{"a":3384968221,"p":"105007.15000000","q":"0.00250000","f":4426909767,"l":4426909768,"T":1737303873887,"m":false,"M":true},{"a":3384968222,"p":"105007.30000000","q":"0.00010000","f":4426909769,"l":4426909769,"T":1737303873887,"m":false,"M":true},{"a":3384968223,"p":"105007.55000000","q":"0.00005000","f":4426909770,"l":4426909770,"T":1737303873887,"m":false,"M":true},{"a":3384968224,"p":"105007.86000000","q":"0.00240000","f":4426909771,"l":4426909771,"T":1737303873887,"m":false,"M":true},{"a":3384968225,"p":"105007.86000000","q":"0.00060000","f":4426909772,"l":4426909772,"T":1737303873887,"m":false,"M":true},{"a":3384968226,"p":"105008.00000000","q":"0.00710000","f":4426909773,"l":4426909775,"T":1737303873887,"m":false,"M":true},{"a":3384968227,"p":"105008.39000000","q":"0.04000000","f":4426909776,"l":4426909776,"T":1737303873887,"m":false,"M":true},{"a":3384968228,"p":"105008.76000000","q":"0.00259000","f":4426909777,"l":4426909778,"T":1737303873887,"m":false,"M":true},{"a":3384968229,"p":"105008.90000000","q":"0.01512000","f":4426909779,"l":4426909779,"T":1737303873887,"m":false,"M":true},{"a":3384968230,"p":"105009.08000000","q":"0.00086000","f":4426909780,"l":4426909780,"T":1737303873887,"m":false,"M":true},{"a":3384968231,"p":"105009.43000000","q":"0.01522000","f":4426909781,"l":4426909781,"T":1737303873888,"m":false,"M":true},{"a":3384968232,"p":"105009.76000000","q":"0.00015000","f":4426909782,"l":4426909782,"T":1737303873888,"m":false,"M":true},{"a":3384968233,"p":"105009.97000000","q":"0.00010000","f":4426909783,"l":4426909783,"T":1737303873888,"m":false,"M":true},{"a":3384968234,"p":"105010.00000000","q":"0.00007000","f":4426909784,"l":4426909784,"T":1737303873888,"m":false,"M":true},{"a":3384968235,"p":"105010.13000000","q":"0.01000000","f":4426909785,"l":4426909785,"T":1737303873888,"m":false,"M":true},{"a":3384968236,"p":"105010.62000000","q":"0.00399000","f":4426909786,"l":4426909786,"T":1737303873888,"m":false,"M":true},{"a":3384968237,"p":"105010.63000000","q":"0.00007000","f":4426909787,"l":4426909787,"T":1737303873888,"m":false,"M":true},{"a":3384968238,"p":"105012.00000000","q":"0.00710000","f":4426909788,"l":4426909790,"T":1737303873888,"m":false,"M":true},{"a":3384968239,"p":"105012.59000000","q":"0.00010000","f":4426909791,"l":4426909791,"T":1737303873888,"m":false,"M":true},{"a":3384968240,"p":"105012.74000000","q":"0.00006000","f":4426909792,"l":4426909792,"T":1737303873888,"m":false,"M":true},{"a":3384968241,"p":"105012.76000000","q":"0.00005000","f":4426909793,"l":4426909793,"T":1737303873888,"m":false,"M":true},{"a":3384968242,"p":"105012.93000000","q":"0.00490000","f":4426909794,"l":4426909794,"T":1737303873888,"m":false,"M":true},{"a":3384968243,"p":"105013.31000000","q":"0.01050000","f":4426909795,"l":4426909805,"T":1737303873920,"m":false,"M":true},{"a":3384968244,"p":"105013.48000000","q":"0.00010000","f":4426909806,"l":4426909806,"T":1737303873920,"m":false,"M":true},{"a":3384968245,"p":"105013.69000000","q":"0.04000000","f":4426909807,"l":4426909807,"T":1737303873920,"m":false,"M":true},{"a":3384968246,"p":"105014.11000000","q":"0.00005000","f":4426909808,"l":4426909808,"T":1737303873920,"m":false,"M":true},{"a":3384968247,"p":"105014.36000000","q":"0.00050000","f":4426909809,"l":4426909818,"T":1737303873921,"m":false,"M":true},{"a":3384968248,"p":"105015.14000000","q":"0.00050000","f":4426909819,"l":4426909828,"T":1737303873923,"m":false,"M":true},{"a":3384968249,"p":"105015.68000000","q":"0.00049000","f":4426909829,"l":4426909829,"T":1737303873923,"m":false,"M":true},{"a":3384968250,"p":"105015.76000000","q":"0.25151000","f":4426909830,"l":4426909830,"T":1737303873923,"m":false,"M":true},{"a":3384968251,"p":"105016.00000000","q":"0.00710000","f":4426909831,"l":4426909833,"T":1737303873923,"m":false,"M":true},{"a":3384968252,"p":"105016.10000000","q":"0.00010000","f":4426909834,"l":4426909834,"T":1737303873923,"m":false,"M":true},{"a":3384968253,"p":"105016.37000000","q":"0.00100000","f":4426909835,"l":4426909835,"T":1737303873923,"m":false,"M":true},{"a":3384968254,"p":"105016.94000000","q":"0.00006000","f":4426909836,"l":4426909836,"T":1737303873923,"m":false,"M":true},{"a":3384968255,"p":"105016.96000000","q":"0.00005000","f":4426909837,"l":4426909837,"T":1737303873923,"m":false,"M":true},{"a":3384968256,"p":"105017.20000000","q":"0.00023000","f":4426909838,"l":4426909838,"T":1737303873923,"m":false,"M":true},{"a":3384968257,"p":"105017.21000000","q":"0.00305000","f":4426909839,"l":4426909839,"T":1737303873923,"m":false,"M":true},{"a":3384968258,"p":"105017.24000000","q":"0.00005000","f":4426909840,"l":4426909840,"T":1737303873923,"m":false,"M":true},{"a":3384968259,"p":"105017.64000000","q":"0.00062000","f":4426909841,"l":4426909841,"T":1737303873923,"m":false,"M":true},{"a":3384968260,"p":"105017.79000000","q":"0.00013000","f":4426909842,"l":4426909842,"T":1737303873924,"m":false,"M":true},{"a":3384968261,"p":"105017.97000000","q":"0.00005000","f":4426909843,"l":4426909843,"T":1737303873924,"m":false,"M":true},{"a":3384968262,"p":"105018.47000000","q":"0.00006000","f":4426909844,"l":4426909844,"T":1737303873924,"m":false,"M":true},{"a":3384968263,"p":"105019.01000000","q":"0.00010000","f":4426909845,"l":4426909845,"T":1737303873924,"m":false,"M":true},{"a":3384968264,"p":"105019.58000000","q":"0.00487000","f":4426909846,"l":4426909846,"T":1737303873926,"m":false,"M":true},{"a":3384968265,"p":"105020.00000000","q":"0.00006000","f":4426909847,"l":4426909847,"T":1737303873928,"m":false,"M":true},{"a":3384968266,"p":"105020.00000000","q":"0.02655000","f":4426909848,"l":4426909852,"T":1737303873932,"m":false,"M":true},{"a":3384968267,"p":"105020.21000000","q":"0.00006000","f":4426909853,"l":4426909853,"T":1737303873932,"m":false,"M":true},{"a":3384968268,"p":"105021.11000000","q":"0.12396000","f":4426909854,"l":4426909854,"T":1737303873934,"m":false,"M":true},{"a":3384968269,"p":"105021.11000000","q":"0.10704000","f":4426909855,"l":4426909855,"T":1737303873934,"m":false,"M":true},{"a":3384968270,"p":"105021.11000000","q":"0.18946000","f":4426909856,"l":4426909856,"T":1737303873934,"m":false,"M":true},{"a":3384968271,"p":"105021.11000000","q":"0.00049000","f":4426909857,"l":4426909857,"T":1737303873935,"m":false,"M":true},{"a":3384968272,"p":"105021.11000000","q":"0.15163000","f":4426909858,"l":4426909868,"T":1737303873936,"m":false,"M":true},{"a":3384968273,"p":"105021.80000000","q":"0.04268000","f":4426909869,"l":4426909869,"T":1737303873938,"m":false,"M":true},{"a":3384968274,"p":"105022.23000000","q":"0.00010000","f":4426909870,"l":4426909870,"T":1737303873938,"m":false,"M":true},{"a":3384968275,"p":"105022.73000000","q":"0.04070000","f":4426909871,"l":4426909871,"T":1737303873938,"m":false,"M":true},{"a":3384968276,"p":"105023.18000000","q":"0.00005000","f":4426909872,"l":4426909872,"T":1737303873941,"m":false,"M":true},{"a":3384968277,"p":"105023.40000000","q":"0.00050000","f":4426909873,"l":4426909882,"T":1737303873944,"m":false,"M":true},{"a":3384968278,"p":"105023.75000000","q":"0.09236000","f":4426909883,"l":4426909883,"T":1737303873944,"m":false,"M":true},{"a":3384968279,"p":"105023.77000000","q":"0.03810000","f":4426909884,"l":4426909884,"T":1737303873944,"m":false,"M":true},{"a":3384968280,"p":"105023.93000000","q":"0.00100000","f":4426909885,"l":4426909885,"T":1737303873944,"m":false,"M":true},{"a":3384968281,"p":"105024.00000000","q":"0.00710000","f":4426909886,"l":4426909888,"T":1737303873944,"m":false,"M":true},{"a":3384968282,"p":"105024.64000000","q":"0.00010000","f":4426909889,"l":4426909889,"T":1737303873946,"m":false,"M":true},{"a":3384968283,"p":"105025.00000000","q":"0.00222000","f":4426909890,"l":4426909891,"T":1737303873949,"m":false,"M":true},{"a":3384968284,"p":"105025.50000000","q":"0.05804000","f":4426909892,"l":4426909892,"T":1737303874153,"m":false,"M":true},{"a":3384968285,"p":"105025.50000000","q":"0.08858000","f":4426909893,"l":4426909897,"T":1737303874155,"m":false,"M":true},{"a":3384968286,"p":"105028.00000000","q":"0.00710000","f":4426909898,"l":4426909900,"T":1737303874157,"m":false,"M":true},{"a":3384968287,"p":"105028.25000000","q":"0.00050000","f":4426909901,"l":4426909910,"T":1737303874161,"m":false,"M":true},{"a":3384968288,"p":"105029.12000000","q":"0.00010000","f":4426909911,"l":4426909911,"T":1737303874166,"m":false,"M":true},{"a":3384968289,"p":"105029.71000000","q":"0.00035000","f":4426909912,"l":4426909912,"T":1737303874166,"m":true,"M":true},{"a":3384968290,"p":"105029.72000000","q":"0.00008000","f":4426909913,"l":4426909913,"T":1737303874197,"m":false,"M":true},{"a":3384968291,"p":"105029.72000000","q":"0.00099000","f":4426909914,"l":4426909915,"T":1737303874254,"m":false,"M":true},{"a":3384968292,"p":"105030.00000000","q":"0.00024000","f":4426909916,"l":4426909916,"T":1737303874254,"m":false,"M":true},{"a":3384968293,"p":"105030.40000000","q":"0.00007000","f":4426909917,"l":4426909917,"T":1737303874254,"m":false,"M":true},{"a":3384968294,"p":"105030.98000000","q":"0.00300000","f":4426909918,"l":4426909918,"T":1737303874254,"m":false,"M":true},{"a":3384968295,"p":"105031.25000000","q":"0.00022000","f":4426909919,"l":4426909919,"T":1737303874254,"m":false,"M":true},{"a":3384968296,"p":"105031.53000000","q":"0.00026000","f":4426909920,"l":4426909920,"T":1737303874254,"m":false,"M":true},{"a":3384968297,"p":"105032.00000000","q":"0.00710000","f":4426909921,"l":4426909923,"T":1737303874254,"m":false,"M":true},{"a":3384968298,"p":"105032.25000000","q":"0.00135000","f":4426909924,"l":4426909926,"T":1737303874254,"m":false,"M":true},{"a":3384968299,"p":"105032.71000000","q":"0.00005000","f":4426909927,"l":4426909927,"T":1737303874254,"m":false,"M":true},{"a":3384968300,"p":"105033.02000000","q":"0.00010000","f":4426909928,"l":4426909928,"T":1737303874254,"m":false,"M":true},{"a":3384968301,"p":"105033.71000000","q":"0.00010000","f":4426909929,"l":4426909929,"T":1737303874254,"m":false,"M":true},{"a":3384968302,"p":"105033.97000000","q":"0.00300000","f":4426909930,"l":4426909930,"T":1737303874254,"m":false,"M":true},{"a":3384968303,"p":"105034.48000000","q":"0.00013000","f":4426909931,"l":4426909932,"T":1737303874254,"m":false,"M":true},{"a":3384968304,"p":"105034.49000000","q":"0.01042000","f":4426909933,"l":4426909933,"T":1737303874254,"m":false,"M":true},{"a":3384968305,"p":"105035.84000000","q":"0.00011000","f":4426909934,"l":4426909934,"T":1737303874254,"m":false,"M":true},{"a":3384968306,"p":"105036.00000000","q":"0.00710000","f":4426909935,"l":4426909937,"T":1737303874254,"m":false,"M":true},{"a":3384968307,"p":"105036.20000000","q":"0.00032000","f":4426909938,"l":4426909941,"T":1737303874254,"m":false,"M":true},{"a":3384968308,"p":"105036.21000000","q":"0.00050000","f":4426909942,"l":4426909951,"T":1737303874285,"m":false,"M":true},{"a":3384968309,"p":"105036.24000000","q":"0.00646000","f":4426909952,"l":4426909952,"T":1737303874285,"m":false,"M":true},{"a":3384968310,"p":"105036.99000000","q":"0.00010000","f":4426909953,"l":4426909953,"T":1737303874285,"m":false,"M":true},{"a":3384968311,"p":"105038.03000000","q":"0.00012000","f":4426909954,"l":4426909954,"T":1737303874285,"m":false,"M":true},{"a":3384968312,"p":"105039.01000000","q":"0.00025000","f":4426909955,"l":4426909955,"T":1737303874285,"m":false,"M":true},{"a":3384968313,"p":"105039.27000000","q":"0.00014000","f":4426909956,"l":4426909956,"T":1737303874285,"m":false,"M":true},{"a":3384968314,"p":"105039.92000000","q":"0.00010000","f":4426909957,"l":4426909957,"T":1737303874285,"m":false,"M":true},{"a":3384968315,"p":"105040.00000000","q":"0.02629000","f":4426909958,"l":4426909963,"T":1737303874285,"m":false,"M":true},{"a":3384968316,"p":"105040.50000000","q":"0.00015000","f":4426909964,"l":4426909964,"T":1737303874285,"m":false,"M":true},{"a":3384968317,"p":"105040.67000000","q":"0.00100000","f":4426909965,"l":4426909965,"T":1737303874285,"m":false,"M":true},{"a":3384968318,"p":"105040.81000000","q":"0.00009000","f":4426909966,"l":4426909966,"T":1737303874285,"m":false,"M":true},{"a":3384968319,"p":"105041.28000000","q":"0.00930000","f":4426909967,"l":4426909967,"T":1737303874285,"m":false,"M":true},{"a":3384968320,"p":"105041.29000000","q":"0.00190000","f":4426909968,"l":4426909968,"T":1737303874400,"m":false,"M":true},{"a":3384968321,"p":"105041.29000000","q":"0.00049000","f":4426909969,"l":4426909969,"T":1737303874419,"m":false,"M":true},{"a":3384968322,"p":"105041.28000000","q":"0.00040000","f":4426909970,"l":4426909970,"T":1737303874459,"m":true,"M":true},{"a":3384968323,"p":"105041.29000000","q":"0.00150000","f":4426909971,"l":4426909971,"T":1737303874589,"m":false,"M":true},{"a":3384968324,"p":"105041.28000000","q":"0.00092000","f":4426909972,"l":4426909972,"T":1737303874644,"m":true,"M":true},{"a":3384968325,"p":"105041.29000000","q":"0.00049000","f":4426909973,"l":4426909973,"T":1737303874698,"m":false,"M":true},{"a":3384968326,"p":"105041.29000000","q":"0.00049000","f":4426909974,"l":4426909974,"T":1737303874918,"m":false,"M":true},{"a":3384968327,"p":"105041.28000000","q":"0.00036000","f":4426909975,"l":4426909976,"T":1737303875125,"m":true,"M":true},{"a":3384968328,"p":"105041.28000000","q":"0.00900000","f":4426909977,"l":4426909979,"T":1737303875138,"m":true,"M":true},{"a":3384968329,"p":"105041.29000000","q":"0.00049000","f":4426909980,"l":4426909980,"T":1737303875199,"m":false,"M":true},{"a":3384968330,"p":"105041.28000000","q":"0.00008000","f":4426909981,"l":4426909981,"T":1737303875215,"m":true,"M":true},{"a":3384968331,"p":"105041.28000000","q":"0.00013000","f":4426909982,"l":4426909982,"T":1737303875287,"m":true,"M":true},{"a":3384968332,"p":"105041.29000000","q":"0.00049000","f":4426909983,"l":4426909983,"T":1737303875420,"m":false,"M":true},{"a":3384968333,"p":"105041.29000000","q":"0.00024000","f":4426909984,"l":4426909984,"T":1737303875438,"m":false,"M":true},{"a":3384968334,"p":"105041.28000000","q":"0.00020000","f":4426909985,"l":4426909985,"T":1737303875520,"m":true,"M":true},{"a":3384968335,"p":"105041.29000000","q":"0.00049000","f":4426909986,"l":4426909986,"T":1737303875699,"m":false,"M":true},{"a":3384968336,"p":"105041.28000000","q":"0.00060000","f":4426909987,"l":4426909987,"T":1737303876055,"m":true,"M":true},{"a":3384968337,"p":"105041.28000000","q":"0.01001000","f":4426909988,"l":4426909988,"T":1737303876392,"m":true,"M":true},{"a":3384968338,"p":"105041.28000000","q":"1.00000000","f":4426909989,"l":4426909990,"T":1737303876410,"m":true,"M":true},{"a":3384968339,"p":"105041.28000000","q":"0.00376000","f":4426909991,"l":4426909995,"T":1737303876615,"m":true,"M":true},{"a":3384968340,"p":"105041.29000000","q":"0.00095000","f":4426909996,"l":4426909996,"T":1737303876816,"m":false,"M":true},{"a":3384968341,"p":"105041.28000000","q":"0.00045000","f":4426909997,"l":4426909997,"T":1737303876816,"m":true,"M":true},{"a":3384968342,"p":"105041.28000000","q":"0.05000000","f":4426909998,"l":4426909999,"T":1737303876871,"m":true,"M":true},{"a":3384968343,"p":"105041.28000000","q":"0.00868000","f":4426910000,"l":4426910000,"T":1737303877280,"m":true,"M":true},{"a":3384968344,"p":"105041.29000000","q":"0.00035000","f":4426910001,"l":4426910001,"T":1737303877717,"m":false,"M":true},{"a":3384968345,"p":"105041.28000000","q":"0.00227000","f":4426910002,"l":4426910002,"T":1737303877854,"m":true,"M":true},{"a":3384968346,"p":"105041.28000000","q":"0.00156000","f":4426910003,"l":4426910003,"T":1737303878016,"m":true,"M":true},{"a":3384968347,"p":"105041.28000000","q":"0.00374000","f":4426910004,"l":4426910004,"T":1737303878038,"m":true,"M":true},{"a":3384968348,"p":"105041.28000000","q":"0.00054000","f":4426910005,"l":4426910005,"T":1737303878249,"m":true,"M":true},{"a":3384968349,"p":"105041.29000000","q":"0.01022000","f":4426910006,"l":4426910006,"T":1737303878564,"m":false,"M":true},{"a":3384968350,"p":"105041.29000000","q":"0.00511000","f":4426910007,"l":4426910007,"T":1737303878564,"m":false,"M":true},{"a":3384968351,"p":"105041.28000000","q":"0.01242000","f":4426910008,"l":4426910008,"T":1737303878660,"m":true,"M":true},{"a":3384968352,"p":"105041.29000000","q":"0.00019000","f":4426910009,"l":4426910009,"T":1737303878661,"m":false,"M":true},{"a":3384968353,"p":"105041.28000000","q":"0.00043000","f":4426910010,"l":4426910010,"T":1737303879115,"m":true,"M":true},{"a":3384968354,"p":"105041.29000000","q":"0.01098000","f":4426910011,"l":4426910011,"T":1737303879140,"m":false,"M":true},{"a":3384968355,"p":"105041.28000000","q":"0.00010000","f":4426910012,"l":4426910012,"T":1737303879222,"m":true,"M":true},{"a":3384968356,"p":"105041.28000000","q":"0.00009000","f":4426910013,"l":4426910013,"T":1737303879260,"m":true,"M":true},{"a":3384968357,"p":"105041.28000000","q":"0.00006000","f":4426910014,"l":4426910014,"T":1737303879440,"m":true,"M":true},{"a":3384968358,"p":"105041.28000000","q":"0.04816000","f":4426910015,"l":4426910015,"T":1737303879512,"m":true,"M":true},{"a":3384968359,"p":"105041.28000000","q":"0.00026000","f":4426910016,"l":4426910016,"T":1737303880171,"m":true,"M":true},{"a":3384968360,"p":"105041.28000000","q":"0.01517000","f":4426910017,"l":4426910017,"T":1737303880826,"m":true,"M":true},{"a":3384968361,"p":"105041.28000000","q":"0.00019000","f":4426910018,"l":4426910018,"T":1737303881011,"m":true,"M":true},{"a":3384968362,"p":"105041.28000000","q":"0.08442000","f":4426910019,"l":4426910044,"T":1737303881118,"m":true,"M":true},{"a":3384968363,"p":"105041.15000000","q":"0.00033000","f":4426910045,"l":4426910046,"T":1737303881118,"m":true,"M":true},{"a":3384968364,"p":"105040.85000000","q":"0.50000000","f":4426910047,"l":4426910048,"T":1737303881236,"m":false,"M":true},{"a":3384968365,"p":"105040.84000000","q":"0.00007000","f":4426910049,"l":4426910050,"T":1737303881316,"m":true,"M":true},{"a":3384968366,"p":"105040.84000000","q":"0.00054000","f":4426910051,"l":4426910051,"T":1737303881361,"m":true,"M":true},{"a":3384968367,"p":"105040.85000000","q":"0.00010000","f":4426910052,"l":4426910052,"T":1737303881671,"m":false,"M":true},{"a":3384968368,"p":"105040.84000000","q":"0.00007000","f":4426910053,"l":4426910053,"T":1737303882116,"m":true,"M":true},{"a":3384968369,"p":"105040.84000000","q":"0.00311000","f":4426910054,"l":4426910054,"T":1737303882434,"m":true,"M":true},{"a":3384968370,"p":"105040.85000000","q":"0.00385000","f":4426910055,"l":4426910055,"T":1737303882603,"m":false,"M":true},{"a":3384968371,"p":"105040.85000000","q":"0.00015000","f":4426910056,"l":4426910056,"T":1737303882636,"m":false,"M":true},{"a":3384968372,"p":"105040.84000000","q":"0.01302000","f":4426910057,"l":4426910057,"T":1737303882715,"m":true,"M":true},{"a":3384968373,"p":"105040.84000000","q":"0.00280000","f":4426910058,"l":4426910058,"T":1737303882721,"m":true,"M":true},{"a":3384968374,"p":"105040.85000000","q":"0.00023000","f":4426910059,"l":4426910059,"T":1737303882842,"m":false,"M":true},{"a":3384968375,"p":"105040.85000000","q":"0.00134000","f":4426910060,"l":4426910060,"T":1737303882860,"m":false,"M":true},{"a":3384968376,"p":"105040.84000000","q":"0.00301000","f":4426910061,"l":4426910061,"T":1737303883005,"m":true,"M":true},{"a":3384968377,"p":"105040.84000000","q":"0.00121000","f":4426910062,"l":4426910062,"T":1737303883120,"m":true,"M":true},{"a":3384968378,"p":"105040.85000000","q":"0.00016000","f":4426910063,"l":4426910063,"T":1737303883234,"m":false,"M":true},{"a":3384968379,"p":"105040.84000000","q":"0.00637000","f":4426910064,"l":4426910064,"T":1737303883334,"m":true,"M":true},{"a":3384968380,"p":"105040.84000000","q":"0.00201000","f":4426910065,"l":4426910065,"T":1737303883340,"m":true,"M":true},{"a":3384968381,"p":"105040.85000000","q":"0.00073000","f":4426910066,"l":4426910066,"T":1737303883653,"m":false,"M":true},{"a":3384968382,"p":"105040.84000000","q":"0.04211000","f":4426910067,"l":4426910096,"T":1737303883758,"m":true,"M":true},{"a":3384968383,"p":"105040.80000000","q":"0.00050000","f":4426910097,"l":4426910106,"T":1737303883758,"m":true,"M":true},{"a":3384968384,"p":"105040.69000000","q":"0.00010000","f":4426910107,"l":4426910108,"T":1737303883758,"m":true,"M":true},{"a":3384968385,"p":"105040.68000000","q":"0.00013000","f":4426910109,"l":4426910109,"T":1737303883925,"m":false,"M":true},{"a":3384968386,"p":"105040.67000000","q":"0.00038000","f":4426910110,"l":4426910110,"T":1737303883988,"m":true,"M":true},{"a":3384968387,"p":"105040.67000000","q":"0.01895000","f":4426910111,"l":4426910116,"T":1737303884115,"m":true,"M":true},{"a":3384968388,"p":"105040.40000000","q":"0.00010000","f":4426910117,"l":4426910117,"T":1737303884115,"m":true,"M":true},{"a":3384968389,"p":"105040.19000000","q":"0.01007000","f":4426910118,"l":4426910129,"T":1737303884139,"m":true,"M":true},{"a":3384968390,"p":"105040.00000000","q":"0.04805000","f":4426910130,"l":4426910131,"T":1737303884139,"m":true,"M":true},{"a":3384968391,"p":"105039.83000000","q":"0.00005000","f":4426910132,"l":4426910132,"T":1737303884139,"m":true,"M":true},{"a":3384968392,"p":"105039.47000000","q":"0.00201000","f":4426910133,"l":4426910133,"T":1737303884139,"m":true,"M":true},{"a":3384968393,"p":"105039.25000000","q":"0.01000000","f":4426910134,"l":4426910134,"T":1737303884139,"m":true,"M":true},{"a":3384968394,"p":"105038.86000000","q":"0.00050000","f":4426910135,"l":4426910135,"T":1737303884139,"m":true,"M":true},{"a":3384968395,"p":"105038.58000000","q":"0.00005000","f":4426910136,"l":4426910136,"T":1737303884139,"m":true,"M":true},{"a":3384968396,"p":"105038.35000000","q":"0.00010000","f":4426910137,"l":4426910138,"T":1737303884139,"m":true,"M":true},{"a":3384968397,"p":"105038.00000000","q":"0.00922000","f":4426910139,"l":4426910139,"T":1737303884340,"m":true,"M":true},{"a":3384968398,"p":"105038.00000000","q":"0.00487000","f":4426910140,"l":4426910140,"T":1737303884417,"m":true,"M":true},{"a":3384968399,"p":"105038.00000000","q":"0.00010000","f":4426910141,"l":4426910141,"T":1737303884420,"m":true,"M":true},{"a":3384968400,"p":"105038.01000000","q":"0.00511000","f":4426910142,"l":4426910142,"T":1737303884592,"m":false,"M":true},{"a":3384968401,"p":"105038.01000000","q":"0.00511000","f":4426910143,"l":4426910143,"T":1737303884800,"m":false,"M":true},{"a":3384968402,"p":"105038.00000000","q":"0.64929000","f":4426910144,"l":4426910150,"T":1737303885100,"m":true,"M":true},{"a":3384968403,"p":"105038.01000000","q":"0.00009000","f":4426910151,"l":4426910151,"T":1737303885191,"m":false,"M":true},{"a":3384968404,"p":"105038.00000000","q":"0.00127000","f":4426910152,"l":4426910152,"T":1737303885404,"m":true,"M":true},{"a":3384968405,"p":"105038.00000000","q":"0.00090000","f":4426910153,"l":4426910153,"T":1737303885432,"m":true,"M":true},{"a":3384968406,"p":"105038.00000000","q":"0.00009000","f":4426910154,"l":4426910154,"T":1737303885678,"m":true,"M":true},{"a":3384968407,"p":"105038.00000000","q":"0.07633000","f":4426910155,"l":4426910155,"T":1737303885811,"m":true,"M":true},{"a":3384968408,"p":"105038.00000000","q":"0.01110000","f":4426910156,"l":4426910161,"T":1737303885950,"m":true,"M":true},{"a":3384968409,"p":"105036.47000000","q":"0.00005000","f":4426910162,"l":4426910162,"T":1737303885953,"m":true,"M":true},{"a":3384968410,"p":"105036.01000000","q":"0.00005000","f":4426910163,"l":4426910163,"T":1737303885955,"m":true,"M":true},{"a":3384968411,"p":"105036.00000000","q":"0.00012000","f":4426910164,"l":4426910164,"T":1737303886077,"m":true,"M":true},{"a":3384968412,"p":"105036.01000000","q":"0.00031000","f":4426910165,"l":4426910165,"T":1737303886135,"m":false,"M":true},{"a":3384968413,"p":"105036.00000000","q":"0.00008000","f":4426910166,"l":4426910166,"T":1737303886144,"m":true,"M":true},{"a":3384968414,"p":"105036.01000000","q":"0.00100000","f":4426910167,"l":4426910167,"T":1737303886215,"m":false,"M":true},{"a":3384968415,"p":"105036.01000000","q":"0.01023000","f":4426910168,"l":4426910168,"T":1737303886286,"m":false,"M":true},{"a":3384968416,"p":"105036.01000000","q":"0.00511000","f":4426910169,"l":4426910169,"T":1737303886286,"m":false,"M":true},{"a":3384968417,"p":"105036.00000000","q":"0.00250000","f":4426910170,"l":4426910170,"T":1737303886315,"m":true,"M":true},{"a":3384968418,"p":"105036.01000000","q":"0.01023000","f":4426910171,"l":4426910171,"T":1737303886525,"m":false,"M":true},{"a":3384968419,"p":"105036.01000000","q":"0.00511000","f":4426910172,"l":4426910172,"T":1737303886525,"m":false,"M":true},{"a":3384968420,"p":"105036.01000000","q":"0.00194000","f":4426910173,"l":4426910173,"T":1737303886560,"m":false,"M":true},{"a":3384968421,"p":"105036.01000000","q":"0.00114000","f":4426910174,"l":4426910174,"T":1737303887021,"m":false,"M":true},{"a":3384968422,"p":"105036.00000000","q":"0.00867000","f":4426910175,"l":4426910175,"T":1737303887370,"m":true,"M":true},{"a":3384968423,"p":"105036.00000000","q":"0.00603000","f":4426910176,"l":4426910176,"T":1737303887480,"m":true,"M":true},{"a":3384968424,"p":"105036.00000000","q":"0.00139000","f":4426910177,"l":4426910177,"T":1737303887892,"m":true,"M":true},{"a":3384968425,"p":"105036.01000000","q":"0.00008000","f":4426910178,"l":4426910178,"T":1737303887965,"m":false,"M":true},{"a":3384968426,"p":"105036.00000000","q":"0.00058000","f":4426910179,"l":4426910179,"T":1737303888200,"m":true,"M":true},{"a":3384968427,"p":"105036.01000000","q":"0.00017000","f":4426910180,"l":4426910180,"T":1737303888419,"m":false,"M":true},{"a":3384968428,"p":"105036.00000000","q":"0.09650000","f":4426910181,"l":4426910188,"T":1737303888430,"m":true,"M":true},{"a":3384968429,"p":"105036.01000000","q":"0.00096000","f":4426910189,"l":4426910189,"T":1737303888488,"m":false,"M":true},{"a":3384968430,"p":"105036.00000000","q":"0.00048000","f":4426910190,"l":4426910190,"T":1737303888539,"m":true,"M":true},{"a":3384968431,"p":"105036.00000000","q":"0.04975000","f":4426910191,"l":4426910191,"T":1737303888640,"m":true,"M":true},{"a":3384968432,"p":"105036.00000000","q":"0.00030000","f":4426910192,"l":4426910193,"T":1737303888960,"m":true,"M":true},{"a":3384968433,"p":"105036.01000000","q":"0.50000000","f":4426910194,"l":4426910197,"T":1737303889163,"m":false,"M":true},{"a":3384968434,"p":"105036.01000000","q":"0.00022000","f":4426910198,"l":4426910198,"T":1737303889606,"m":false,"M":true},{"a":3384968435,"p":"105036.00000000","q":"0.00009000","f":4426910199,"l":4426910199,"T":1737303889695,"m":true,"M":true},{"a":3384968436,"p":"105036.01000000","q":"0.00098000","f":4426910200,"l":4426910200,"T":1737303889778,"m":false,"M":true},{"a":3384968437,"p":"105036.00000000","q":"0.00324000","f":4426910201,"l":4426910201,"T":1737303889925,"m":true,"M":true},{"a":3384968438,"p":"105036.01000000","q":"0.29487000","f":4426910202,"l":4426910204,"T":1737303890620,"m":false,"M":true},{"a":3384968439,"p":"105036.00000000","q":"0.00020000","f":4426910205,"l":4426910205,"T":1737303891261,"m":true,"M":true},{"a":3384968440,"p":"105036.01000000","q":"0.00095000","f":4426910206,"l":4426910206,"T":1737303892286,"m":false,"M":true},{"a":3384968441,"p":"105036.00000000","q":"0.00900000","f":4426910207,"l":4426910207,"T":1737303892870,"m":true,"M":true},{"a":3384968442,"p":"105036.00000000","q":"0.00010000","f":4426910208,"l":4426910208,"T":1737303893383,"m":true,"M":true},{"a":3384968443,"p":"105036.01000000","q":"0.00011000","f":4426910209,"l":4426910209,"T":1737303893508,"m":false,"M":true},{"a":3384968444,"p":"105036.01000000","q":"0.00004000","f":4426910210,"l":4426910210,"T":1737303893520,"m":false,"M":true},{"a":3384968445,"p":"105036.00000000","q":"0.00031000","f":4426910211,"l":4426910211,"T":1737303893792,"m":true,"M":true},{"a":3384968446,"p":"105036.00000000","q":"0.00031000","f":4426910212,"l":4426910212,"T":1737303893916,"m":true,"M":true},{"a":3384968447,"p":"105036.01000000","q":"0.00028000","f":4426910213,"l":4426910213,"T":1737303893918,"m":false,"M":true},{"a":3384968448,"p":"105036.00000000","q":"0.00242000","f":4426910214,"l":4426910214,"T":1737303893922,"m":true,"M":true},{"a":3384968449,"p":"105036.01000000","q":"0.00103000","f":4426910215,"l":4426910215,"T":1737303894644,"m":false,"M":true},{"a":3384968450,"p":"105036.00000000","q":"0.00008000","f":4426910216,"l":4426910216,"T":1737303895234,"m":true,"M":true},{"a":3384968451,"p":"105036.01000000","q":"0.00013000","f":4426910217,"l":4426910217,"T":1737303895307,"m":false,"M":true},{"a":3384968452,"p":"105036.00000000","q":"0.00025000","f":4426910218,"l":4426910218,"T":1737303895320,"m":true,"M":true},{"a":3384968453,"p":"105036.00000000","q":"0.00012000","f":4426910219,"l":4426910219,"T":1737303895324,"m":true,"M":true},{"a":3384968454,"p":"105036.01000000","q":"0.50000000","f":4426910220,"l":4426910223,"T":1737303895646,"m":false,"M":true},{"a":3384968455,"p":"105036.00000000","q":"0.00166000","f":4426910224,"l":4426910224,"T":1737303895695,"m":true,"M":true},{"a":3384968456,"p":"105036.00000000","q":"0.00189000","f":4426910225,"l":4426910225,"T":1737303895695,"m":true,"M":true},{"a":3384968457,"p":"105036.00000000","q":"0.00604000","f":4426910226,"l":4426910226,"T":1737303896020,"m":true,"M":true},{"a":3384968458,"p":"105036.00000000","q":"0.00009000","f":4426910227,"l":4426910227,"T":1737303896098,"m":true,"M":true},{"a":3384968459,"p":"105036.00000000","q":"0.00029000","f":4426910228,"l":4426910228,"T":1737303896216,"m":true,"M":true},{"a":3384968460,"p":"105036.01000000","q":"0.00750000","f":4426910229,"l":4426910229,"T":1737303896346,"m":false,"M":true},{"a":3384968461,"p":"105036.00000000","q":"0.00034000","f":4426910230,"l":4426910230,"T":1737303896625,"m":true,"M":true},{"a":3384968462,"p":"105036.01000000","q":"0.00019000","f":4426910231,"l":4426910231,"T":1737303896902,"m":false,"M":true},{"a":3384968463,"p":"105036.00000000","q":"0.00046000","f":4426910232,"l":4426910232,"T":1737303897054,"m":true,"M":true},{"a":3384968464,"p":"105036.01000000","q":"0.00019000","f":4426910233,"l":4426910233,"T":1737303897168,"m":false,"M":true},{"a":3384968465,"p":"105036.01000000","q":"0.02942000","f":4426910234,"l":4426910234,"T":1737303897339,"m":false,"M":true},{"a":3384968466,"p":"105036.01000000","q":"0.00043000","f":4426910235,"l":4426910235,"T":1737303897445,"m":false,"M":true},{"a":3384968467,"p":"105036.01000000","q":"0.00158000","f":4426910236,"l":4426910236,"T":1737303897472,"m":false,"M":true},{"a":3384968468,"p":"105036.01000000","q":"0.04362000","f":4426910237,"l":4426910252,"T":1737303897516,"m":false,"M":true},{"a":3384968469,"p":"105036.06000000","q":"0.00019000","f":4426910253,"l":4426910253,"T":1737303897516,"m":false,"M":true},{"a":3384968470,"p":"105036.46000000","q":"0.00010000","f":4426910254,"l":4426910255,"T":1737303897516,"m":false,"M":true},{"a":3384968471,"p":"105036.48000000","q":"0.00101000","f":4426910256,"l":4426910257,"T":1737303897516,"m":false,"M":true},{"a":3384968472,"p":"105036.70000000","q":"0.00055000","f":4426910258,"l":4426910268,"T":1737303897516,"m":false,"M":true},{"a":3384968473,"p":"105037.29000000","q":"0.01512000","f":4426910269,"l":4426910269,"T":1737303897516,"m":false,"M":true},{"a":3384968474,"p":"105037.51000000","q":"0.00010000","f":4426910270,"l":4426910271,"T":1737303897516,"m":false,"M":true},{"a":3384968475,"p":"105038.00000000","q":"0.00039000","f":4426910272,"l":4426910273,"T":1737303897516,"m":false,"M":true},{"a":3384968476,"p":"105038.01000000","q":"0.00500000","f":4426910274,"l":4426910275,"T":1737303897516,"m":false,"M":true},{"a":3384968477,"p":"105038.27000000","q":"0.00050000","f":4426910276,"l":4426910285,"T":1737303897516,"m":false,"M":true},{"a":3384968478,"p":"105038.57000000","q":"0.00010000","f":4426910286,"l":4426910287,"T":1737303897516,"m":false,"M":true},{"a":3384968479,"p":"105039.59000000","q":"0.01520000","f":4426910288,"l":4426910288,"T":1737303897516,"m":false,"M":true},{"a":3384968480,"p":"105040.25000000","q":"0.00005000","f":4426910289,"l":4426910289,"T":1737303897516,"m":false,"M":true},{"a":3384968481,"p":"105040.40000000","q":"0.00015000","f":4426910290,"l":4426910291,"T":1737303897516,"m":false,"M":true},{"a":3384968482,"p":"105040.67000000","q":"0.01083000","f":4426910292,"l":4426910292,"T":1737303898104,"m":true,"M":true},{"a":3384968483,"p":"105040.67000000","q":"0.00476000","f":4426910293,"l":4426910293,"T":1737303898239,"m":true,"M":true},{"a":3384968484,"p":"105040.68000000","q":"0.00427000","f":4426910294,"l":4426910299,"T":1737303898601,"m":false,"M":true},{"a":3384968485,"p":"105040.67000000","q":"0.00111000","f":4426910300,"l":4426910300,"T":1737303898647,"m":true,"M":true},{"a":3384968486,"p":"105040.67000000","q":"0.00009000","f":4426910301,"l":4426910301,"T":1737303899016,"m":true,"M":true},{"a":3384968487,"p":"105040.68000000","q":"0.00020000","f":4426910302,"l":4426910302,"T":1737303899108,"m":false,"M":true}